{"code":"-10001","desc":"Invalid JSON!"}
{"symbol":"BTCUSD","symbolName":"BTCUSD","topic":"trade","params":{"realtimeInterval":"24h","binary":"false"},"data":[{"v":"1633358651165261824","t":1709447524387,"p":"62066.17","q":"0.01997","m":true},{"v":"1633358651223982080","t":1709447524394,"p":"62066.18","q":"0.01965","m":false},{"v":"1633358651333033985","t":1709447524407,"p":"62066.18","q":"0.02147","m":false},{"v":"1633358651349811201","t":1709447524409,"p":"62066.17","q":"0.01918","m":true},{"v":"1633358651492417536","t":1709447524426,"p":"62066.18","q":"0.02067","m":false},{"v":"1633358651542749184","t":1709447524432,"p":"62066.18","q":"0.01829","m":false},{"v":"1633358651861516288","t":1709447524470,"p":"62066.17","q":"0.03227","m":true},{"v":"1633358651878293505","t":1709447524472,"p":"62066.18","q":"0.01907","m":false},{"v":"1633358652658434049","t":1709447524565,"p":"62066.18","q":"0.02912","m":false},{"v":"1633358654369710081","t":1709447524769,"p":"62066.17","q":"0.01948","m":true},{"v":"1633358654478761985","t":1709447524782,"p":"62066.17","q":"0.01832","m":true},{"v":"1633358654638145536","t":1709447524801,"p":"62066.17","q":"0.01777","m":true},{"v":"1633358654663311360","t":1709447524804,"p":"62066.18","q":"0.01757","m":false},{"v":"1633358654688477184","t":1709447524807,"p":"62066.17","q":"0.02011","m":true},{"v":"1633358730638934016","t":1709447533861,"p":"62069.79","q":"0.01963","m":false},{"v":"1633358730638934019","t":1709447533861,"p":"62069.78","q":"0.02142","m":true},{"v":"1633358730924146688","t":1709447533895,"p":"62069.79","q":"0.01847","m":false},{"v":"1633358730940923905","t":1709447533897,"p":"62069.78","q":"0.02067","m":true},{"v":"1633358730966089729","t":1709447533900,"p":"62069.78","q":"0.01829","m":true},{"v":"1633358730982866944","t":1709447533902,"p":"62069.78","q":"0.02147","m":true},{"v":"1633358731209359361","t":1709447533929,"p":"62069.79","q":"0.02156","m":false},{"v":"1633358731452628993","t":1709447533958,"p":"62069.78","q":"0.01965","m":true},{"v":"1633358731461017601","t":1709447533959,"p":"62069.79","q":"0.03139","m":false},{"v":"1633358731461017603","t":1709447533959,"p":"62069.79","q":"0.02086","m":false},{"v":"1633358731536515074","t":1709447533968,"p":"62069.78","q":"0.02912","m":true},{"v":"1633358734942289920","t":1709447534374,"p":"62069.79","q":"0.02211","m":false},{"v":"1633358734942289922","t":1709447534374,"p":"62069.79","q":"0.01941","m":false},{"v":"1633358734984232961","t":1709447534379,"p":"62069.78","q":"0.01757","m":true},{"v":"1633358735009398784","t":1709447534382,"p":"62069.78","q":"0.01907","m":true},{"v":"1633358735042953217","t":1709447534386,"p":"62069.79","q":"0.0214","m":false},{"v":"1633358917226741760","t":1709447556104,"p":"62066.35","q":"0.0214","m":false},{"v":"1633358917671337985","t":1709447556157,"p":"62066.34","q":"0.01963","m":true},{"v":"1633358918552141824","t":1709447556262,"p":"62066.35","q":"0.03223","m":false},{"v":"1633358918560530433","t":1709447556263,"p":"62066.34","q":"0.01847","m":true},{"v":"1633358918602473473","t":1709447556268,"p":"62066.35","q":"0.02013","m":false},{"v":"1633358918602473475","t":1709447556268,"p":"62066.34","q":"0.01941","m":true},{"v":"1633358918610862081","t":1709447556269,"p":"62066.35","q":"0.02141","m":false},{"v":"1633358918619250689","t":1709447556270,"p":"62066.34","q":"0.03139","m":true},{"v":"1633358918619250691","t":1709447556270,"p":"62066.34","q":"0.02156","m":true},{"v":"1633358918636027905","t":1709447556272,"p":"62066.34","q":"0.0214","m":true},{"v":"1633358918854131712","t":1709447556298,"p":"62066.35","q":"0.01857","m":false},{"v":"1633358918879297537","t":1709447556301,"p":"62066.35","q":"0.01809","m":false},{"v":"1633358922595450880","t":1709447556744,"p":"62066.35","q":"0.01799","m":false},{"v":"1633358922595450882","t":1709447556744,"p":"62066.35","q":"0.01784","m":false},{"v":"1633358922603839489","t":1709447556745,"p":"62066.34","q":"0.02211","m":true},{"v":"1633358922679336961","t":1709447556754,"p":"62066.34","q":"0.02086","m":true},{"v":"1633359416348917760","t":1709447615604,"p":"62066.34","q":"0.0043","m":false},{"v":"1633359494430081025","t":1709447624912,"p":"62066.34","q":"0.00161","m":false},{"v":"1633359494430081026","t":1709447624912,"p":"62066.34","q":"0.00129","m":false},{"v":"1633359494430081027","t":1709447624912,"p":"62066.34","q":"0.0014","m":false},{"v":"1633359513614827521","t":1709447627199,"p":"62066.33","q":"0.0043","m":true},{"v":"1633360501088206849","t":1709447744915,"p":"62066.33","q":"0.0252","m":true},{"v":"1633360532360937474","t":1709447748643,"p":"62066.33","q":"0.00201","m":true},{"v":"1633360591777447937","t":1709447755726,"p":"62066.33","q":"0.002","m":true},{"v":"1633360816097214465","t":1709447782467,"p":"62066.33","q":"0.00161","m":true},{"v":"1633360820861943809","t":1709447783035,"p":"62066.33","q":"0.00161","m":true},{"v":"1633360825861554177","t":1709447783631,"p":"62066.33","q":"0.00161","m":true},{"v":"1633360831020548097","t":1709447784246,"p":"62066.33","q":"0.00161","m":true},{"v":"1633360874800693248","t":1709447789465,"p":"62066.33","q":"0.0043","m":true},{"v":"1633360957503979520","t":1709447799324,"p":"62066.33","q":"0.0043","m":true}],"f":true,"sendTime":1709447809972,"shared":false,"id":"1"}
{"symbol":"BTCHKD","symbolName":"BTCHKD","topic":"trade","params":{"realtimeInterval":"24h","binary":"false"},"data":[{"v":"1633341565718249473","t":1709445487643,"p":"489459","q":"0.00044","m":false},{"v":"1633342572862914560","t":1709445607704,"p":"489365","q":"0.00032","m":false},{"v":"1633343579906916353","t":1709445727753,"p":"489365","q":"0.00032","m":false},{"v":"1633344586841866241","t":1709445847789,"p":"489364","q":"0.00047","m":true},{"v":"1633345593860702209","t":1709445967835,"p":"489364","q":"0.00043","m":true},{"v":"1633346600854372352","t":1709446087878,"p":"489000","q":"0.00041","m":true},{"v":"1633346896410198017","t":1709446123111,"p":"489000","q":"0.00059","m":true},{"v":"1633347125981233153","t":1709446150478,"p":"488548","q":"0.01616","m":false},{"v":"1633347140418027521","t":1709446152199,"p":"488693","q":"0.00032","m":false},{"v":"1633347182805663745","t":1709446157252,"p":"488846","q":"0.00032","m":false},{"v":"1633347607965483009","t":1709446207935,"p":"488830","q":"0.00032","m":true},{"v":"1633347668824834049","t":1709446215190,"p":"488388","q":"0.00032","m":false},{"v":"1633347668824834050","t":1709446215190,"p":"488455","q":"0.00008","m":false},{"v":"1633347671383359489","t":1709446215495,"p":"488388","q":"0.00032","m":false},{"v":"1633347673950273537","t":1709446215801,"p":"488388","q":"0.00032","m":false},{"v":"1633347674654916609","t":1709446215885,"p":"488388","q":"0.00032","m":false},{"v":"1633347701557182465","t":1709446219092,"p":"488388","q":"0.00032","m":false},{"v":"1633347702236659713","t":1709446219173,"p":"488388","q":"0.00032","m":false},{"v":"1633347709534748673","t":1709446220043,"p":"488388","q":"0.00032","m":false},{"v":"1633347710289723393","t":1709446220133,"p":"488388","q":"0.00032","m":false},{"v":"1633347724323864577","t":1709446221806,"p":"488388","q":"0.00032","m":false},{"v":"1633347725036896257","t":1709446221891,"p":"488388","q":"0.00032","m":false},{"v":"1633347729466081282","t":1709446222419,"p":"488398","q":"0.00032","m":false},{"v":"1633347775519539200","t":1709446227909,"p":"488399","q":"0.00032","m":false},{"v":"1633347776148684800","t":1709446227984,"p":"488399","q":"0.00032","m":false},{"v":"1633347789947944962","t":1709446229629,"p":"488399","q":"0.00032","m":false},{"v":"1633347791004909570","t":1709446229755,"p":"488399","q":"0.00032","m":false},{"v":"1633347802413416448","t":1709446231115,"p":"488399","q":"0.00032","m":false},{"v":"1633347803378106368","t":1709446231230,"p":"488399","q":"0.00032","m":false},{"v":"1633347809937997825","t":1709446232012,"p":"488399","q":"0.00032","m":false},{"v":"1633347810785247233","t":1709446232113,"p":"488399","q":"0.00032","m":false},{"v":"1633347815063437313","t":1709446232623,"p":"488399","q":"0.00032","m":false},{"v":"1633347815617085441","t":1709446232689,"p":"488399","q":"0.00032","m":false},{"v":"1633347825112989697","t":1709446233821,"p":"488399","q":"0.00032","m":false},{"v":"1633347826035736578","t":1709446233931,"p":"488399","q":"0.00032","m":false},{"v":"1633347828434878465","t":1709446234217,"p":"488399","q":"0.00032","m":false},{"v":"1633347852795396097","t":1709446237121,"p":"488399","q":"0.00032","m":false},{"v":"1633347853751697409","t":1709446237235,"p":"488399","q":"0.00032","m":false},{"v":"1633348614975930370","t":1709446327980,"p":"488340","q":"0.00032","m":false},{"v":"1633349621910880257","t":1709446448016,"p":"489040","q":"0.00032","m":true},{"v":"1633350628854218753","t":1709446568053,"p":"489223","q":"0.00043","m":true},{"v":"1633351145701523456","t":1709446629666,"p":"488968","q":"0.001","m":false},{"v":"1633351635780780033","t":1709446688088,"p":"489175","q":"0.00047","m":false},{"v":"1633352642908667905","t":1709446808147,"p":"489266","q":"0.00042","m":true},{"v":"1633353649826840578","t":1709446928181,"p":"489607","q":"0.00043","m":false},{"v":"1633353764524277760","t":1709446941854,"p":"489591","q":"0.00032","m":false},{"v":"1633353765128257536","t":1709446941926,"p":"489607","q":"0.00032","m":true},{"v":"1633353765740625921","t":1709446941999,"p":"489607","q":"0.00032","m":true},{"v":"1633353766143279104","t":1709446942047,"p":"489607","q":"0.00003","m":true},{"v":"1633354656946339841","t":1709447048239,"p":"489969","q":"0.00043","m":false},{"v":"1633354878153932800","t":1709447074609,"p":"489969","q":"0.00092","m":false},{"v":"1633354878866964481","t":1709447074694,"p":"489969","q":"0.0003","m":false},{"v":"1633354881224163329","t":1709447074975,"p":"489969","q":"0.0003","m":false},{"v":"1633354881886863361","t":1709447075054,"p":"489969","q":"0.00064","m":false},{"v":"1633355663864512512","t":1709447168273,"p":"490458","q":"0.00032","m":true},{"v":"1633356670833016833","t":1709447288313,"p":"490672","q":"0.00042","m":true},{"v":"1633357677860241409","t":1709447408360,"p":"490571","q":"0.00041","m":true},{"v":"1633358685600497665","t":1709447528492,"p":"490300","q":"0.00032","m":false},{"v":"1633359692745162753","t":1709447648553,"p":"490127","q":"0.00041","m":true},{"v":"1633360699671724033","t":1709447768588,"p":"490243","q":"0.00048","m":false}],"f":true,"sendTime":1709447809972,"shared":false,"id":"1"}
{"code":"-10001","desc":"Invalid JSON!"}
{"symbol":"BTCUSD","symbolName":"BTCUSD","topic":"trade","params":{"realtimeInterval":"24h","binary":"false"},"data":[{"v":"1633362759754465280","t":1709448014169,"p":"62049.58","q":"0.02068","m":true},{"v":"1633362759779631105","t":1709448014172,"p":"62049.58","q":"0.02234","m":true},{"v":"1633362771423019009","t":1709448015560,"p":"62049.58","q":"0.00041","m":true},{"v":"1633362798325284865","t":1709448018767,"p":"62048.48","q":"0.00032","m":true},{"v":"1633362798325284866","t":1709448018767,"p":"62048.48","q":"0.00268","m":true},{"v":"1633362814909562880","t":1709448020744,"p":"62049.56","q":"0.00032","m":true},{"v":"1633362814909562881","t":1709448020744,"p":"62049.56","q":"0.16768","m":true},{"v":"1633362815035392001","t":1709448020759,"p":"62049.56","q":"0.13232","m":true},{"v":"1633362815035392002","t":1709448020759,"p":"62049.56","q":"0.03568","m":true},{"v":"1633362815236718592","t":1709448020783,"p":"62049.56","q":"0.168","m":true},{"v":"1633362815563874305","t":1709448020822,"p":"62049.56","q":"0.04632","m":true},{"v":"1633362815563874306","t":1709448020822,"p":"62049.56","q":"0.00032","m":true},{"v":"1633362822702579712","t":1709448021673,"p":"62049.56","q":"0.01751","m":false},{"v":"1633362822786465793","t":1709448021683,"p":"62049.55","q":"0.00859","m":true},{"v":"1633362822786465794","t":1709448021683,"p":"62049.55","q":"0.01369","m":true},{"v":"1633362823105232898","t":1709448021721,"p":"62049.55","q":"0.03151","m":true},{"v":"1633362823356891136","t":1709448021751,"p":"62049.55","q":"0.02214","m":true},{"v":"1633362823365279745","t":1709448021752,"p":"62049.56","q":"0.02065","m":false},{"v":"1633362823365279747","t":1709448021752,"p":"62049.56","q":"0.03214","m":false},{"v":"1633362823432388608","t":1709448021760,"p":"62049.56","q":"0.01959","m":false},{"v":"1633362823440777217","t":1709448021761,"p":"62049.55","q":"0.01932","m":true},{"v":"1633362823449165824","t":1709448021762,"p":"62049.55","q":"0.01855","m":true},{"v":"1633362823482720257","t":1709448021766,"p":"62049.56","q":"0.01973","m":false},{"v":"1633362823751155713","t":1709448021798,"p":"62049.55","q":"0.02077","m":true},{"v":"1633362826787831808","t":1709448022160,"p":"62049.56","q":"0.01844","m":false},{"v":"1633362826796220419","t":1709448022161,"p":"62049.55","q":"0.01808","m":true},{"v":"1633362826812997632","t":1709448022163,"p":"62049.56","q":"0.01782","m":false},{"v":"1633362827098210305","t":1709448022197,"p":"62049.55","q":"0.01983","m":true},{"v":"1633362827123376128","t":1709448022200,"p":"62049.56","q":"0.01867","m":false},{"v":"1633362844437463041","t":1709448024264,"p":"62049.56","q":"0.00129","m":true},{"v":"1633362844437463042","t":1709448024264,"p":"62049.55","q":"0.04871","m":true},{"v":"1633362852062707712","t":1709448025173,"p":"62050.72","q":"0.00129","m":true},{"v":"1633362852062707713","t":1709448025173,"p":"62050.72","q":"0.00139","m":true},{"v":"1633362860761694209","t":1709448026210,"p":"62050.72","q":"0.00022","m":true},{"v":"1633362860761694210","t":1709448026210,"p":"62050.72","q":"0.00038","m":true},{"v":"1633362863412494338","t":1709448026526,"p":"62050.72","q":"0.00091","m":true},{"v":"1633362863412494339","t":1709448026526,"p":"62050.72","q":"0.00129","m":true},{"v":"1633362863420882944","t":1709448026527,"p":"62050.72","q":"0.0008","m":true},{"v":"1633362866038128640","t":1709448026839,"p":"62050.71","q":"0.002","m":true},{"v":"1633362891086512129","t":1709448029825,"p":"62050.71","q":"0.01","m":true},{"v":"1633362901119287296","t":1709448031021,"p":"62050.71","q":"0.01","m":true},{"v":"1633362918181715969","t":1709448033055,"p":"62050.71","q":"0.168","m":true},{"v":"1633362918215270401","t":1709448033059,"p":"62050.71","q":"0.06804","m":true},{"v":"1633362931905478657","t":1709448034691,"p":"62050.12","q":"0.01992","m":false},{"v":"1633362932115193856","t":1709448034716,"p":"62050.11","q":"0.01751","m":true},{"v":"1633362932568178689","t":1709448034770,"p":"62050.11","q":"0.02065","m":true},{"v":"1633362932576567296","t":1709448034771,"p":"62050.11","q":"0.01959","m":true},{"v":"1633362932626898944","t":1709448034777,"p":"62050.12","q":"0.03068","m":false},{"v":"1633362932626898946","t":1709448034777,"p":"62050.12","q":"0.02124","m":false},{"v":"1633362932652064768","t":1709448034780,"p":"62050.12","q":"0.0219","m":false},{"v":"1633362932786282496","t":1709448034796,"p":"62050.11","q":"0.03214","m":true},{"v":"1633362932853391361","t":1709448034804,"p":"62050.11","q":"0.01782","m":true},{"v":"1633362932886945792","t":1709448034808,"p":"62050.12","q":"0.01984","m":false},{"v":"1633362932895334400","t":1709448034809,"p":"62050.12","q":"0.01855","m":false},{"v":"1633362932912111616","t":1709448034811,"p":"62050.11","q":"0.01973","m":true},{"v":"1633362932945666049","t":1709448034815,"p":"62050.11","q":"0.01867","m":true},{"v":"1633362935906844672","t":1709448035168,"p":"62050.12","q":"0.02189","m":false},{"v":"1633362935932010496","t":1709448035171,"p":"62050.12","q":"0.02179","m":false},{"v":"1633362935965564929","t":1709448035175,"p":"62050.11","q":"0.01844","m":true},{"v":"1633362944731660289","t":1709448036220,"p":"62050.11","q":"0.01","m":true}],"f":true,"sendTime":1709448038852,"shared":false,"id":"1"}
{"symbol":"BTCHKD","symbolName":"BTCHKD","topic":"trade","params":{"realtimeInterval":"24h","binary":"false"},"data":[{"v":"1633347674654916609","t":1709446215885,"p":"488388","q":"0.00032","m":false},{"v":"1633347701557182465","t":1709446219092,"p":"488388","q":"0.00032","m":false},{"v":"1633347702236659713","t":1709446219173,"p":"488388","q":"0.00032","m":false},{"v":"1633347709534748673","t":1709446220043,"p":"488388","q":"0.00032","m":false},{"v":"1633347710289723393","t":1709446220133,"p":"488388","q":"0.00032","m":false},{"v":"1633347724323864577","t":1709446221806,"p":"488388","q":"0.00032","m":false},{"v":"1633347725036896257","t":1709446221891,"p":"488388","q":"0.00032","m":false},{"v":"1633347729466081282","t":1709446222419,"p":"488398","q":"0.00032","m":false},{"v":"1633347775519539200","t":1709446227909,"p":"488399","q":"0.00032","m":false},{"v":"1633347776148684800","t":1709446227984,"p":"488399","q":"0.00032","m":false},{"v":"1633347789947944962","t":1709446229629,"p":"488399","q":"0.00032","m":false},{"v":"1633347791004909570","t":1709446229755,"p":"488399","q":"0.00032","m":false},{"v":"1633347802413416448","t":1709446231115,"p":"488399","q":"0.00032","m":false},{"v":"1633347803378106368","t":1709446231230,"p":"488399","q":"0.00032","m":false},{"v":"1633347809937997825","t":1709446232012,"p":"488399","q":"0.00032","m":false},{"v":"1633347810785247233","t":1709446232113,"p":"488399","q":"0.00032","m":false},{"v":"1633347815063437313","t":1709446232623,"p":"488399","q":"0.00032","m":false},{"v":"1633347815617085441","t":1709446232689,"p":"488399","q":"0.00032","m":false},{"v":"1633347825112989697","t":1709446233821,"p":"488399","q":"0.00032","m":false},{"v":"1633347826035736578","t":1709446233931,"p":"488399","q":"0.00032","m":false},{"v":"1633347828434878465","t":1709446234217,"p":"488399","q":"0.00032","m":false},{"v":"1633347852795396097","t":1709446237121,"p":"488399","q":"0.00032","m":false},{"v":"1633347853751697409","t":1709446237235,"p":"488399","q":"0.00032","m":false},{"v":"1633348614975930370","t":1709446327980,"p":"488340","q":"0.00032","m":false},{"v":"1633349621910880257","t":1709446448016,"p":"489040","q":"0.00032","m":true},{"v":"1633350628854218753","t":1709446568053,"p":"489223","q":"0.00043","m":true},{"v":"1633351145701523456","t":1709446629666,"p":"488968","q":"0.001","m":false},{"v":"1633351635780780033","t":1709446688088,"p":"489175","q":"0.00047","m":false},{"v":"1633352642908667905","t":1709446808147,"p":"489266","q":"0.00042","m":true},{"v":"1633353649826840578","t":1709446928181,"p":"489607","q":"0.00043","m":false},{"v":"1633353764524277760","t":1709446941854,"p":"489591","q":"0.00032","m":false},{"v":"1633353765128257536","t":1709446941926,"p":"489607","q":"0.00032","m":true},{"v":"1633353765740625921","t":1709446941999,"p":"489607","q":"0.00032","m":true},{"v":"1633353766143279104","t":1709446942047,"p":"489607","q":"0.00003","m":true},{"v":"1633354656946339841","t":1709447048239,"p":"489969","q":"0.00043","m":false},{"v":"1633354878153932800","t":1709447074609,"p":"489969","q":"0.00092","m":false},{"v":"1633354878866964481","t":1709447074694,"p":"489969","q":"0.0003","m":false},{"v":"1633354881224163329","t":1709447074975,"p":"489969","q":"0.0003","m":false},{"v":"1633354881886863361","t":1709447075054,"p":"489969","q":"0.00064","m":false},{"v":"1633355663864512512","t":1709447168273,"p":"490458","q":"0.00032","m":true},{"v":"1633356670833016833","t":1709447288313,"p":"490672","q":"0.00042","m":true},{"v":"1633357677860241409","t":1709447408360,"p":"490571","q":"0.00041","m":true},{"v":"1633358685600497665","t":1709447528492,"p":"490300","q":"0.00032","m":false},{"v":"1633359692745162753","t":1709447648553,"p":"490127","q":"0.00041","m":true},{"v":"1633360699671724033","t":1709447768588,"p":"490243","q":"0.00048","m":false},{"v":"1633361477765447681","t":1709447861344,"p":"490113","q":"0.01611","m":false},{"v":"1633361477765447682","t":1709447861344,"p":"490234","q":"0.00306","m":false},{"v":"1633361478713360385","t":1709447861457,"p":"490243","q":"0.01611","m":true},{"v":"1633361479149568001","t":1709447861509,"p":"490243","q":"0.01611","m":true},{"v":"1633361479745159169","t":1709447861580,"p":"490243","q":"0.00032","m":true},{"v":"1633361479971651585","t":1709447861607,"p":"490243","q":"0.01611","m":true},{"v":"1633361480223309825","t":1709447861637,"p":"490243","q":"0.00032","m":true},{"v":"1633361480625963009","t":1709447861685,"p":"490243","q":"0.00032","m":true},{"v":"1633361481263497217","t":1709447861761,"p":"490243","q":"0.00032","m":true},{"v":"1633361706564730882","t":1709447888619,"p":"490243","q":"0.00049","m":true},{"v":"1633361910315630592","t":1709447912908,"p":"490243","q":"0.00306","m":true},{"v":"1633362381973504001","t":1709447969134,"p":"490243","q":"0.00306","m":true},{"v":"1633362583677583361","t":1709447993179,"p":"490243","q":"0.00306","m":true},{"v":"1633362713566789633","t":1709448008663,"p":"490243","q":"0.00047","m":true},{"v":"1633362862280032256","t":1709448026391,"p":"490243","q":"0.00408","m":true}],"f":true,"sendTime":1709448038852,"shared":false,"id":"1"}
{"symbol":"BTCUSD","symbolName":"BTCUSD","topic":"trade","params":{"realtimeInterval":"24h","binary":"false"},"data":[{"v":"1633362966516875265","t":1709448038817,"p":"62046.94","q":"0.00032","m":true}],"f":false,"sendTime":1709448039057,"shared":false,"id":"1"}
{"symbol":"BTCUSD","symbolName":"BTCUSD","topic":"trade","params":{"realtimeInterval":"24h","binary":"false"},"data":[{"v":"1633362982396510209","t":1709448040710,"p":"62035.73","q":"0.00161","m":true}],"f":false,"sendTime":1709448040857,"shared":false,"id":"1"}
{"symbol":"BTCUSD","symbolName":"BTCUSD","topic":"trade","params":{"realtimeInterval":"24h","binary":"false"},"data":[{"v":"1633363042215673858","t":1709448047841,"p":"62035.66","q":"0.168","m":true},{"v":"1633363042425389057","t":1709448047866,"p":"62035.66","q":"0.0006","m":true},{"v":"1633363042534440963","t":1709448047879,"p":"62035.66","q":"0.0814","m":true},{"v":"1633363042534440964","t":1709448047879,"p":"62035.64","q":"0.025","m":true},{"v":"1633363042534440965","t":1709448047879,"p":"62034.87","q":"0.0022","m":true}],"f":false,"sendTime":1709448048059,"shared":false,"id":"1"}
{"symbol":"BTCUSD","symbolName":"BTCUSD","topic":"trade","params":{"realtimeInterval":"24h","binary":"false"},"data":[{"v":"1633363044279271425","t":1709448048087,"p":"62024.75","q":"0.002","m":true},{"v":"1633363044447043584","t":1709448048107,"p":"62024.75","q":"0.002","m":true}],"f":false,"sendTime":1709448048359,"shared":false,"id":"1"}
{"pong":1709448048872}
{"symbol":"BTCHKD","symbolName":"BTCHKD","topic":"trade","params":{"realtimeInterval":"24h","binary":"false"},"data":[{"v":"1633363051510251520","t":1709448048949,"p":"490243","q":"0.0006","m":true}],"f":false,"sendTime":1709448049236,"shared":false,"id":"1"}
{"symbol":"BTCUSD","symbolName":"BTCUSD","topic":"trade","params":{"realtimeInterval":"24h","binary":"false"},"data":[{"v":"1633363052374278145","t":1709448049052,"p":"62024.75","q":"0.002","m":true},{"v":"1633363053045366785","t":1709448049132,"p":"62024.75","q":"0.00161","m":true}],"f":false,"sendTime":1709448049260,"shared":false,"id":"1"}
{"symbol":"BTCHKD","symbolName":"BTCHKD","topic":"trade","params":{"realtimeInterval":"24h","binary":"false"},"data":[{"v":"1633363054798585857","t":1709448049341,"p":"490243","q":"0.01635","m":true}],"f":false,"sendTime":1709448049536,"shared":false,"id":"1"}
{"symbol":"BTCUSD","symbolName":"BTCUSD","topic":"trade","params":{"realtimeInterval":"24h","binary":"false"},"data":[{"v":"1633363054186217473","t":1709448049268,"p":"62024.75","q":"0.003","m":true}],"f":false,"sendTime":1709448049560,"shared":false,"id":"1"}
{"symbol":"BTCUSD","symbolName":"BTCUSD","topic":"trade","params":{"realtimeInterval":"24h","binary":"false"},"data":[{"v":"1633363064940412929","t":1709448050550,"p":"62024.75","q":"0.003","m":true}],"f":false,"sendTime":1709448050760,"shared":false,"id":"1"}
{"symbol":"BTCUSD","symbolName":"BTCUSD","topic":"trade","params":{"realtimeInterval":"24h","binary":"false"},"data":[{"v":"1633363067113062401","t":1709448050809,"p":"62024.75","q":"0.003","m":true},{"v":"1633363068799172609","t":1709448051010,"p":"62024.75","q":"0.003","m":true},{"v":"1633363068815949825","t":1709448051012,"p":"62024.75","q":"0.003","m":true}],"f":false,"sendTime":1709448051060,"shared":false,"id":"1"}
{"symbol":"BTCUSD","symbolName":"BTCUSD","topic":"trade","params":{"realtimeInterval":"24h","binary":"false"},"data":[{"v":"1633363096565465088","t":1709448054320,"p":"62022.15","q":"0.00161","m":true},{"v":"1633363096565465089","t":1709448054320,"p":"62012.73","q":"0.00139","m":true}],"f":false,"sendTime":1709448054361,"shared":false,"id":"1"}
{"symbol":"BTCUSD","symbolName":"BTCUSD","topic":"trade","params":{"realtimeInterval":"24h","binary":"false"},"data":[{"v":"1633363135387942912","t":1709448058948,"p":"62019.23","q":"0.05","m":true}],"f":false,"sendTime":1709448059162,"shared":false,"id":"1"}
{"symbol":"BTCUSD","symbolName":"BTCUSD","topic":"trade","params":{"realtimeInterval":"24h","binary":"false"},"data":[{"v":"1633363138223292417","t":1709448059286,"p":"62019.23","q":"0.05","m":true}],"f":false,"sendTime":1709448059462,"shared":false,"id":"1"}
{"symbol":"BTCUSD","symbolName":"BTCUSD","topic":"trade","params":{"realtimeInterval":"24h","binary":"false"},"data":[{"v":"1633363143617167362","t":1709448059929,"p":"62019.23","q":"0.05","m":true}],"f":false,"sendTime":1709448060063,"shared":false,"id":"1"}
{"symbol":"BTCUSD","symbolName":"BTCUSD","topic":"trade","params":{"realtimeInterval":"24h","binary":"false"},"data":[{"v":"1633363146167304192","t":1709448060233,"p":"62019.23","q":"0.003","m":true}],"f":false,"sendTime":1709448060363,"shared":false,"id":"1"}
{"symbol":"BTCUSD","symbolName":"BTCUSD","topic":"trade","params":{"realtimeInterval":"24h","binary":"false"},"data":[{"v":"1633363148180570113","t":1709448060473,"p":"62019.23","q":"0.003","m":true}],"f":false,"sendTime":1709448060663,"shared":false,"id":"1"}
{"code":"-10001","desc":"Invalid JSON!"}
{"symbol":"BTCUSD","symbolName":"BTCUSD","topic":"trade","params":{"realtimeInterval":"24h","binary":"false"},"data":[{"v":"1633363458122858498","t":1709448097421,"p":"62019.68","q":"0.00028","m":true},{"v":"1633363808187858945","t":1709448139152,"p":"62019.68","q":"0.00133","m":true},{"v":"1633363808187858946","t":1709448139152,"p":"62019.68","q":"0.00032","m":true},{"v":"1633363808187858947","t":1709448139152,"p":"62019.68","q":"0.00129","m":true},{"v":"1633363808187858948","t":1709448139152,"p":"62019.68","q":"0.00128","m":true},{"v":"1633363808187858949","t":1709448139152,"p":"62019.67","q":"0.00007","m":true},{"v":"1633363894615687169","t":1709448149455,"p":"62019.68","q":"0.00032","m":true},{"v":"1633363894615687170","t":1709448149455,"p":"62019.68","q":"0.00161","m":true},{"v":"1633363894615687171","t":1709448149455,"p":"62019.19","q":"0.00237","m":true},{"v":"1633363998709923844","t":1709448161864,"p":"62019.68","q":"0.00032","m":true},{"v":"1633364023506649089","t":1709448164820,"p":"62019.68","q":"0.00032","m":true},{"v":"1633364024093851649","t":1709448164890,"p":"62007.6","q":"0.00032","m":false},{"v":"1633364049502945280","t":1709448167919,"p":"62019.68","q":"0.00032","m":true},{"v":"1633364050056593409","t":1709448167985,"p":"62007.82","q":"0.00032","m":false},{"v":"1633364059393114113","t":1709448169098,"p":"62007.8","q":"0.00032","m":false},{"v":"1633364059829321728","t":1709448169150,"p":"62007.8","q":"0.00032","m":false},{"v":"1633364060483633152","t":1709448169228,"p":"62005.67","q":"0.00032","m":false},{"v":"1633364061045669889","t":1709448169295,"p":"62005.66","q":"0.00032","m":false},{"v":"1633364061599318018","t":1709448169361,"p":"62005.66","q":"0.00032","m":false},{"v":"1633364062136188929","t":1709448169425,"p":"62005.66","q":"0.00032","m":false},{"v":"1633364062681448449","t":1709448169490,"p":"62005.66","q":"0.00032","m":false},{"v":"1633364070021480449","t":1709448170365,"p":"62005.65","q":"0.02088","m":true},{"v":"1633364070055034881","t":1709448170369,"p":"62005.66","q":"0.02037","m":false},{"v":"1633364070784843776","t":1709448170456,"p":"62005.65","q":"0.02009","m":true},{"v":"1633364070860341248","t":1709448170465,"p":"62005.65","q":"0.01765","m":true},{"v":"1633364071078445057","t":1709448170491,"p":"62005.65","q":"0.02218","m":true},{"v":"1633364071111999488","t":1709448170495,"p":"62005.66","q":"0.03016","m":false},{"v":"1633364071111999490","t":1709448170495,"p":"62005.66","q":"0.02233","m":false},{"v":"1633364071204274177","t":1709448170506,"p":"62005.66","q":"0.01819","m":false},{"v":"1633364071388823552","t":1709448170528,"p":"62005.65","q":"0.02778","m":true},{"v":"1633364071615315969","t":1709448170555,"p":"62005.65","q":"0.01898","m":true},{"v":"1633364073930571777","t":1709448170831,"p":"62005.66","q":"0.01991","m":false},{"v":"1633364076178718720","t":1709448171099,"p":"62005.66","q":"0.02207","m":false},{"v":"1633364076270993408","t":1709448171110,"p":"62005.65","q":"0.01918","m":true},{"v":"1633364076279382017","t":1709448171111,"p":"62005.65","q":"0.02118","m":true},{"v":"1633364076505874433","t":1709448171138,"p":"62005.66","q":"0.02214","m":false},{"v":"1633364076589760513","t":1709448171148,"p":"62005.66","q":"0.01945","m":false},{"v":"1633364087151017986","t":1709448172407,"p":"62005.65","q":"0.00084","m":true},{"v":"1633364376281169921","t":1709448206874,"p":"62013.58","q":"0.00129","m":true},{"v":"1633364376281169922","t":1709448206874,"p":"62013.57","q":"0.0043","m":true},{"v":"1633364376281169923","t":1709448206874,"p":"62013.57","q":"0.01478","m":true},{"v":"1633364376356667392","t":1709448206883,"p":"62013.59","q":"0.01808","m":false},{"v":"1633364376834818050","t":1709448206940,"p":"62013.57","q":"0.01819","m":true},{"v":"1633364377153585153","t":1709448206978,"p":"62013.59","q":"0.00715","m":false},{"v":"1633364377153585154","t":1709448206978,"p":"62013.59","q":"0.00128","m":false},{"v":"1633364377153585155","t":1709448206978,"p":"62013.59","q":"0.01361","m":false},{"v":"1633364377203916801","t":1709448206984,"p":"62013.57","q":"0.03016","m":true},{"v":"1633364377220694017","t":1709448206986,"p":"62013.59","q":"0.01912","m":false},{"v":"1633364377237471233","t":1709448206988,"p":"62013.59","q":"0.01827","m":false},{"v":"1633364377254248448","t":1709448206990,"p":"62013.59","q":"0.02159","m":false},{"v":"1633364377279414273","t":1709448206993,"p":"62013.57","q":"0.02233","m":true},{"v":"1633364378026000385","t":1709448207082,"p":"62013.59","q":"0.02993","m":false},{"v":"1633364381003956225","t":1709448207437,"p":"62013.59","q":"0.02163","m":false},{"v":"1633364381029122048","t":1709448207440,"p":"62013.58","q":"0.00128","m":true},{"v":"1633364381029122049","t":1709448207440,"p":"62013.58","q":"0.00129","m":true},{"v":"1633364381029122050","t":1709448207440,"p":"62013.57","q":"0.0195","m":true},{"v":"1633364381045899265","t":1709448207442,"p":"62013.57","q":"0.01945","m":true},{"v":"1633364381062676481","t":1709448207444,"p":"62013.59","q":"0.02231","m":false},{"v":"1633364381071065088","t":1709448207445,"p":"62013.57","q":"0.01991","m":true},{"v":"1633364381087842304","t":1709448207447,"p":"62013.57","q":"0.02214","m":true}],"f":true,"sendTime":1709448209556,"shared":false,"id":"1"}
{"symbol":"BTCHKD","symbolName":"BTCHKD","topic":"trade","params":{"realtimeInterval":"24h","binary":"false"},"data":[{"v":"1633347709534748673","t":1709446220043,"p":"488388","q":"0.00032","m":false},{"v":"1633347710289723393","t":1709446220133,"p":"488388","q":"0.00032","m":false},{"v":"1633347724323864577","t":1709446221806,"p":"488388","q":"0.00032","m":false},{"v":"1633347725036896257","t":1709446221891,"p":"488388","q":"0.00032","m":false},{"v":"1633347729466081282","t":1709446222419,"p":"488398","q":"0.00032","m":false},{"v":"1633347775519539200","t":1709446227909,"p":"488399","q":"0.00032","m":false},{"v":"1633347776148684800","t":1709446227984,"p":"488399","q":"0.00032","m":false},{"v":"1633347789947944962","t":1709446229629,"p":"488399","q":"0.00032","m":false},{"v":"1633347791004909570","t":1709446229755,"p":"488399","q":"0.00032","m":false},{"v":"1633347802413416448","t":1709446231115,"p":"488399","q":"0.00032","m":false},{"v":"1633347803378106368","t":1709446231230,"p":"488399","q":"0.00032","m":false},{"v":"1633347809937997825","t":1709446232012,"p":"488399","q":"0.00032","m":false},{"v":"1633347810785247233","t":1709446232113,"p":"488399","q":"0.00032","m":false},{"v":"1633347815063437313","t":1709446232623,"p":"488399","q":"0.00032","m":false},{"v":"1633347815617085441","t":1709446232689,"p":"488399","q":"0.00032","m":false},{"v":"1633347825112989697","t":1709446233821,"p":"488399","q":"0.00032","m":false},{"v":"1633347826035736578","t":1709446233931,"p":"488399","q":"0.00032","m":false},{"v":"1633347828434878465","t":1709446234217,"p":"488399","q":"0.00032","m":false},{"v":"1633347852795396097","t":1709446237121,"p":"488399","q":"0.00032","m":false},{"v":"1633347853751697409","t":1709446237235,"p":"488399","q":"0.00032","m":false},{"v":"1633348614975930370","t":1709446327980,"p":"488340","q":"0.00032","m":false},{"v":"1633349621910880257","t":1709446448016,"p":"489040","q":"0.00032","m":true},{"v":"1633350628854218753","t":1709446568053,"p":"489223","q":"0.00043","m":true},{"v":"1633351145701523456","t":1709446629666,"p":"488968","q":"0.001","m":false},{"v":"1633351635780780033","t":1709446688088,"p":"489175","q":"0.00047","m":false},{"v":"1633352642908667905","t":1709446808147,"p":"489266","q":"0.00042","m":true},{"v":"1633353649826840578","t":1709446928181,"p":"489607","q":"0.00043","m":false},{"v":"1633353764524277760","t":1709446941854,"p":"489591","q":"0.00032","m":false},{"v":"1633353765128257536","t":1709446941926,"p":"489607","q":"0.00032","m":true},{"v":"1633353765740625921","t":1709446941999,"p":"489607","q":"0.00032","m":true},{"v":"1633353766143279104","t":1709446942047,"p":"489607","q":"0.00003","m":true},{"v":"1633354656946339841","t":1709447048239,"p":"489969","q":"0.00043","m":false},{"v":"1633354878153932800","t":1709447074609,"p":"489969","q":"0.00092","m":false},{"v":"1633354878866964481","t":1709447074694,"p":"489969","q":"0.0003","m":false},{"v":"1633354881224163329","t":1709447074975,"p":"489969","q":"0.0003","m":false},{"v":"1633354881886863361","t":1709447075054,"p":"489969","q":"0.00064","m":false},{"v":"1633355663864512512","t":1709447168273,"p":"490458","q":"0.00032","m":true},{"v":"1633356670833016833","t":1709447288313,"p":"490672","q":"0.00042","m":true},{"v":"1633357677860241409","t":1709447408360,"p":"490571","q":"0.00041","m":true},{"v":"1633358685600497665","t":1709447528492,"p":"490300","q":"0.00032","m":false},{"v":"1633359692745162753","t":1709447648553,"p":"490127","q":"0.00041","m":true},{"v":"1633360699671724033","t":1709447768588,"p":"490243","q":"0.00048","m":false},{"v":"1633361477765447681","t":1709447861344,"p":"490113","q":"0.01611","m":false},{"v":"1633361477765447682","t":1709447861344,"p":"490234","q":"0.00306","m":false},{"v":"1633361478713360385","t":1709447861457,"p":"490243","q":"0.01611","m":true},{"v":"1633361479149568001","t":1709447861509,"p":"490243","q":"0.01611","m":true},{"v":"1633361479745159169","t":1709447861580,"p":"490243","q":"0.00032","m":true},{"v":"1633361479971651585","t":1709447861607,"p":"490243","q":"0.01611","m":true},{"v":"1633361480223309825","t":1709447861637,"p":"490243","q":"0.00032","m":true},{"v":"1633361480625963009","t":1709447861685,"p":"490243","q":"0.00032","m":true},{"v":"1633361481263497217","t":1709447861761,"p":"490243","q":"0.00032","m":true},{"v":"1633361706564730882","t":1709447888619,"p":"490243","q":"0.00049","m":true},{"v":"1633361910315630592","t":1709447912908,"p":"490243","q":"0.00306","m":true},{"v":"1633362381973504001","t":1709447969134,"p":"490243","q":"0.00306","m":true},{"v":"1633362583677583361","t":1709447993179,"p":"490243","q":"0.00306","m":true},{"v":"1633362713566789633","t":1709448008663,"p":"490243","q":"0.00047","m":true},{"v":"1633362862280032256","t":1709448026391,"p":"490243","q":"0.00408","m":true},{"v":"1633363051510251520","t":1709448048949,"p":"490243","q":"0.0006","m":true},{"v":"1633363054798585857","t":1709448049341,"p":"490243","q":"0.01635","m":true},{"v":"1633363720644345856","t":1709448128716,"p":"490001","q":"0.00047","m":true}],"f":true,"sendTime":1709448209556,"shared":false,"id":"1"}
{"pong":1709448219532}
{"symbol":"BTCUSD","symbolName":"BTCUSD","topic":"trade","params":{"realtimeInterval":"24h","binary":"false"},"data":[{"v":"1633364498780012544","t":1709448221477,"p":"62013.58","q":"0.00032","m":true},{"v":"1633364498780012545","t":1709448221477,"p":"62013.58","q":"0.00161","m":true},{"v":"1633364498780012546","t":1709448221477,"p":"62013.56","q":"0.00064","m":true},{"v":"1633364498780012547","t":1709448221477,"p":"62013.36","q":"0.00129","m":true},{"v":"1633364498780012548","t":1709448221477,"p":"62012.14","q":"0.00044","m":true}],"f":false,"sendTime":1709448221500,"shared":false,"id":"1"}
{"code":"-10001","desc":"Invalid JSON!"}
{"symbol":"BTCUSD","symbolName":"BTCUSD","topic":"trade","params":{"realtimeInterval":"24h","binary":"false"},"data":[{"v":"1633363808187858949","t":1709448139152,"p":"62019.67","q":"0.00007","m":true},{"v":"1633363894615687169","t":1709448149455,"p":"62019.68","q":"0.00032","m":true},{"v":"1633363894615687170","t":1709448149455,"p":"62019.68","q":"0.00161","m":true},{"v":"1633363894615687171","t":1709448149455,"p":"62019.19","q":"0.00237","m":true},{"v":"1633363998709923844","t":1709448161864,"p":"62019.68","q":"0.00032","m":true},{"v":"1633364023506649089","t":1709448164820,"p":"62019.68","q":"0.00032","m":true},{"v":"1633364024093851649","t":1709448164890,"p":"62007.6","q":"0.00032","m":false},{"v":"1633364049502945280","t":1709448167919,"p":"62019.68","q":"0.00032","m":true},{"v":"1633364050056593409","t":1709448167985,"p":"62007.82","q":"0.00032","m":false},{"v":"1633364059393114113","t":1709448169098,"p":"62007.8","q":"0.00032","m":false},{"v":"1633364059829321728","t":1709448169150,"p":"62007.8","q":"0.00032","m":false},{"v":"1633364060483633152","t":1709448169228,"p":"62005.67","q":"0.00032","m":false},{"v":"1633364061045669889","t":1709448169295,"p":"62005.66","q":"0.00032","m":false},{"v":"1633364061599318018","t":1709448169361,"p":"62005.66","q":"0.00032","m":false},{"v":"1633364062136188929","t":1709448169425,"p":"62005.66","q":"0.00032","m":false},{"v":"1633364062681448449","t":1709448169490,"p":"62005.66","q":"0.00032","m":false},{"v":"1633364070021480449","t":1709448170365,"p":"62005.65","q":"0.02088","m":true},{"v":"1633364070055034881","t":1709448170369,"p":"62005.66","q":"0.02037","m":false},{"v":"1633364070784843776","t":1709448170456,"p":"62005.65","q":"0.02009","m":true},{"v":"1633364070860341248","t":1709448170465,"p":"62005.65","q":"0.01765","m":true},{"v":"1633364071078445057","t":1709448170491,"p":"62005.65","q":"0.02218","m":true},{"v":"1633364071111999488","t":1709448170495,"p":"62005.66","q":"0.03016","m":false},{"v":"1633364071111999490","t":1709448170495,"p":"62005.66","q":"0.02233","m":false},{"v":"1633364071204274177","t":1709448170506,"p":"62005.66","q":"0.01819","m":false},{"v":"1633364071388823552","t":1709448170528,"p":"62005.65","q":"0.02778","m":true},{"v":"1633364071615315969","t":1709448170555,"p":"62005.65","q":"0.01898","m":true},{"v":"1633364073930571777","t":1709448170831,"p":"62005.66","q":"0.01991","m":false},{"v":"1633364076178718720","t":1709448171099,"p":"62005.66","q":"0.02207","m":false},{"v":"1633364076270993408","t":1709448171110,"p":"62005.65","q":"0.01918","m":true},{"v":"1633364076279382017","t":1709448171111,"p":"62005.65","q":"0.02118","m":true},{"v":"1633364076505874433","t":1709448171138,"p":"62005.66","q":"0.02214","m":false},{"v":"1633364076589760513","t":1709448171148,"p":"62005.66","q":"0.01945","m":false},{"v":"1633364087151017986","t":1709448172407,"p":"62005.65","q":"0.00084","m":true},{"v":"1633364376281169921","t":1709448206874,"p":"62013.58","q":"0.00129","m":true},{"v":"1633364376281169922","t":1709448206874,"p":"62013.57","q":"0.0043","m":true},{"v":"1633364376281169923","t":1709448206874,"p":"62013.57","q":"0.01478","m":true},{"v":"1633364376356667392","t":1709448206883,"p":"62013.59","q":"0.01808","m":false},{"v":"1633364376834818050","t":1709448206940,"p":"62013.57","q":"0.01819","m":true},{"v":"1633364377153585153","t":1709448206978,"p":"62013.59","q":"0.00715","m":false},{"v":"1633364377153585154","t":1709448206978,"p":"62013.59","q":"0.00128","m":false},{"v":"1633364377153585155","t":1709448206978,"p":"62013.59","q":"0.01361","m":false},{"v":"1633364377203916801","t":1709448206984,"p":"62013.57","q":"0.03016","m":true},{"v":"1633364377220694017","t":1709448206986,"p":"62013.59","q":"0.01912","m":false},{"v":"1633364377237471233","t":1709448206988,"p":"62013.59","q":"0.01827","m":false},{"v":"1633364377254248448","t":1709448206990,"p":"62013.59","q":"0.02159","m":false},{"v":"1633364377279414273","t":1709448206993,"p":"62013.57","q":"0.02233","m":true},{"v":"1633364378026000385","t":1709448207082,"p":"62013.59","q":"0.02993","m":false},{"v":"1633364381003956225","t":1709448207437,"p":"62013.59","q":"0.02163","m":false},{"v":"1633364381029122048","t":1709448207440,"p":"62013.58","q":"0.00128","m":true},{"v":"1633364381029122049","t":1709448207440,"p":"62013.58","q":"0.00129","m":true},{"v":"1633364381029122050","t":1709448207440,"p":"62013.57","q":"0.0195","m":true},{"v":"1633364381045899265","t":1709448207442,"p":"62013.57","q":"0.01945","m":true},{"v":"1633364381062676481","t":1709448207444,"p":"62013.59","q":"0.02231","m":false},{"v":"1633364381071065088","t":1709448207445,"p":"62013.57","q":"0.01991","m":true},{"v":"1633364381087842304","t":1709448207447,"p":"62013.57","q":"0.02214","m":true},{"v":"1633364498780012544","t":1709448221477,"p":"62013.58","q":"0.00032","m":true},{"v":"1633364498780012545","t":1709448221477,"p":"62013.58","q":"0.00161","m":true},{"v":"1633364498780012546","t":1709448221477,"p":"62013.56","q":"0.00064","m":true},{"v":"1633364498780012547","t":1709448221477,"p":"62013.36","q":"0.00129","m":true},{"v":"1633364498780012548","t":1709448221477,"p":"62012.14","q":"0.00044","m":true}],"f":true,"sendTime":1709448228712,"shared":false,"id":"1"}
{"symbol":"BTCHKD","symbolName":"BTCHKD","topic":"trade","params":{"realtimeInterval":"24h","binary":"false"},"data":[{"v":"1633347709534748673","t":1709446220043,"p":"488388","q":"0.00032","m":false},{"v":"1633347710289723393","t":1709446220133,"p":"488388","q":"0.00032","m":false},{"v":"1633347724323864577","t":1709446221806,"p":"488388","q":"0.00032","m":false},{"v":"1633347725036896257","t":1709446221891,"p":"488388","q":"0.00032","m":false},{"v":"1633347729466081282","t":1709446222419,"p":"488398","q":"0.00032","m":false},{"v":"1633347775519539200","t":1709446227909,"p":"488399","q":"0.00032","m":false},{"v":"1633347776148684800","t":1709446227984,"p":"488399","q":"0.00032","m":false},{"v":"1633347789947944962","t":1709446229629,"p":"488399","q":"0.00032","m":false},{"v":"1633347791004909570","t":1709446229755,"p":"488399","q":"0.00032","m":false},{"v":"1633347802413416448","t":1709446231115,"p":"488399","q":"0.00032","m":false},{"v":"1633347803378106368","t":1709446231230,"p":"488399","q":"0.00032","m":false},{"v":"1633347809937997825","t":1709446232012,"p":"488399","q":"0.00032","m":false},{"v":"1633347810785247233","t":1709446232113,"p":"488399","q":"0.00032","m":false},{"v":"1633347815063437313","t":1709446232623,"p":"488399","q":"0.00032","m":false},{"v":"1633347815617085441","t":1709446232689,"p":"488399","q":"0.00032","m":false},{"v":"1633347825112989697","t":1709446233821,"p":"488399","q":"0.00032","m":false},{"v":"1633347826035736578","t":1709446233931,"p":"488399","q":"0.00032","m":false},{"v":"1633347828434878465","t":1709446234217,"p":"488399","q":"0.00032","m":false},{"v":"1633347852795396097","t":1709446237121,"p":"488399","q":"0.00032","m":false},{"v":"1633347853751697409","t":1709446237235,"p":"488399","q":"0.00032","m":false},{"v":"1633348614975930370","t":1709446327980,"p":"488340","q":"0.00032","m":false},{"v":"1633349621910880257","t":1709446448016,"p":"489040","q":"0.00032","m":true},{"v":"1633350628854218753","t":1709446568053,"p":"489223","q":"0.00043","m":true},{"v":"1633351145701523456","t":1709446629666,"p":"488968","q":"0.001","m":false},{"v":"1633351635780780033","t":1709446688088,"p":"489175","q":"0.00047","m":false},{"v":"1633352642908667905","t":1709446808147,"p":"489266","q":"0.00042","m":true},{"v":"1633353649826840578","t":1709446928181,"p":"489607","q":"0.00043","m":false},{"v":"1633353764524277760","t":1709446941854,"p":"489591","q":"0.00032","m":false},{"v":"1633353765128257536","t":1709446941926,"p":"489607","q":"0.00032","m":true},{"v":"1633353765740625921","t":1709446941999,"p":"489607","q":"0.00032","m":true},{"v":"1633353766143279104","t":1709446942047,"p":"489607","q":"0.00003","m":true},{"v":"1633354656946339841","t":1709447048239,"p":"489969","q":"0.00043","m":false},{"v":"1633354878153932800","t":1709447074609,"p":"489969","q":"0.00092","m":false},{"v":"1633354878866964481","t":1709447074694,"p":"489969","q":"0.0003","m":false},{"v":"1633354881224163329","t":1709447074975,"p":"489969","q":"0.0003","m":false},{"v":"1633354881886863361","t":1709447075054,"p":"489969","q":"0.00064","m":false},{"v":"1633355663864512512","t":1709447168273,"p":"490458","q":"0.00032","m":true},{"v":"1633356670833016833","t":1709447288313,"p":"490672","q":"0.00042","m":true},{"v":"1633357677860241409","t":1709447408360,"p":"490571","q":"0.00041","m":true},{"v":"1633358685600497665","t":1709447528492,"p":"490300","q":"0.00032","m":false},{"v":"1633359692745162753","t":1709447648553,"p":"490127","q":"0.00041","m":true},{"v":"1633360699671724033","t":1709447768588,"p":"490243","q":"0.00048","m":false},{"v":"1633361477765447681","t":1709447861344,"p":"490113","q":"0.01611","m":false},{"v":"1633361477765447682","t":1709447861344,"p":"490234","q":"0.00306","m":false},{"v":"1633361478713360385","t":1709447861457,"p":"490243","q":"0.01611","m":true},{"v":"1633361479149568001","t":1709447861509,"p":"490243","q":"0.01611","m":true},{"v":"1633361479745159169","t":1709447861580,"p":"490243","q":"0.00032","m":true},{"v":"1633361479971651585","t":1709447861607,"p":"490243","q":"0.01611","m":true},{"v":"1633361480223309825","t":1709447861637,"p":"490243","q":"0.00032","m":true},{"v":"1633361480625963009","t":1709447861685,"p":"490243","q":"0.00032","m":true},{"v":"1633361481263497217","t":1709447861761,"p":"490243","q":"0.00032","m":true},{"v":"1633361706564730882","t":1709447888619,"p":"490243","q":"0.00049","m":true},{"v":"1633361910315630592","t":1709447912908,"p":"490243","q":"0.00306","m":true},{"v":"1633362381973504001","t":1709447969134,"p":"490243","q":"0.00306","m":true},{"v":"1633362583677583361","t":1709447993179,"p":"490243","q":"0.00306","m":true},{"v":"1633362713566789633","t":1709448008663,"p":"490243","q":"0.00047","m":true},{"v":"1633362862280032256","t":1709448026391,"p":"490243","q":"0.00408","m":true},{"v":"1633363051510251520","t":1709448048949,"p":"490243","q":"0.0006","m":true},{"v":"1633363054798585857","t":1709448049341,"p":"490243","q":"0.01635","m":true},{"v":"1633363720644345856","t":1709448128716,"p":"490001","q":"0.00047","m":true}],"f":true,"sendTime":1709448228712,"shared":false,"id":"1"}
{"pong":1709448238701}
{"symbol":"BTCHKD","symbolName":"BTCHKD","topic":"trade","params":{"realtimeInterval":"24h","binary":"false"},"data":[{"v":"1633364727629627393","t":1709448248758,"p":"490002","q":"0.00032","m":false}],"f":false,"sendTime":1709448248999,"shared":false,"id":"1"}
{"symbol":"BTCHKD","symbolName":"BTCHKD","topic":"trade","params":{"realtimeInterval":"24h","binary":"false"},"data":[{"v":"1633365155104702464","t":1709448299717,"p":"490002","q":"0.00032","m":false},{"v":"1633365156362993664","t":1709448299867,"p":"490002","q":"0.00032","m":true},{"v":"1633365156396548097","t":1709448299871,"p":"490045","q":"0.01611","m":false},{"v":"1633365156396548098","t":1709448299871,"p":"490244","q":"0.00002","m":false},{"v":"1633365156799201280","t":1709448299919,"p":"490002","q":"0.00032","m":true}],"f":false,"sendTime":1709448300011,"shared":false,"id":"1"}
{"symbol":"BTCHKD","symbolName":"BTCHKD","topic":"trade","params":{"realtimeInterval":"24h","binary":"false"},"data":[{"v":"1633365158242041856","t":1709448300091,"p":"490002","q":"0.00032","m":false},{"v":"1633365158560808960","t":1709448300129,"p":"490068","q":"0.00048","m":false}],"f":false,"sendTime":1709448300311,"shared":false,"id":"1"}
{"symbol":"BTCHKD","symbolName":"BTCHKD","topic":"trade","params":{"realtimeInterval":"24h","binary":"false"},"data":[{"v":"1633365160515354625","t":1709448300362,"p":"490003","q":"0.00032","m":false},{"v":"1633365160515354626","t":1709448300362,"p":"490068","q":"0.01563","m":false},{"v":"1633365160515354627","t":1709448300362,"p":"490244","q":"0.00304","m":false}],"f":false,"sendTime":1709448300611,"shared":false,"id":"1"}
{"symbol":"BTCHKD","symbolName":"BTCHKD","topic":"trade","params":{"realtimeInterval":"24h","binary":"false"},"data":[{"v":"1633365163182931969","t":1709448300680,"p":"490280","q":"0.00965","m":false},{"v":"1633365164952928258","t":1709448300891,"p":"490280","q":"0.07249","m":false},{"v":"1633365164952928259","t":1709448300891,"p":"490280","q":"0.00942","m":false}],"f":false,"sendTime":1709448300911,"shared":false,"id":"1"}
{"symbol":"BTCHKD","symbolName":"BTCHKD","topic":"trade","params":{"realtimeInterval":"24h","binary":"false"},"data":[{"v":"1633365166001504256","t":1709448301016,"p":"490080","q":"0.01611","m":false},{"v":"1633365167075246081","t":1709448301144,"p":"490280","q":"0.00032","m":true}],"f":false,"sendTime":1709448301211,"shared":false,"id":"1"}
{"symbol":"BTCUSD","symbolName":"BTCUSD","topic":"trade","params":{"realtimeInterval":"24h","binary":"false"},"data":[{"v":"1633365281948844033","t":1709448314838,"p":"62013.59","q":"0.0043","m":false}],"f":false,"sendTime":1709448314980,"shared":false,"id":"1"}
{"symbol":"BTCUSD","symbolName":"BTCUSD","topic":"trade","params":{"realtimeInterval":"24h","binary":"false"},"data":[{"v":"1633365370842923008","t":1709448325435,"p":"62013.59","q":"0.0043","m":false}],"f":false,"sendTime":1709448325482,"shared":false,"id":"1"}
{"symbol":"BTCUSD","symbolName":"BTCUSD","topic":"trade","params":{"realtimeInterval":"24h","binary":"false"},"data":[{"v":"1633365436869656577","t":1709448333306,"p":"62024.03","q":"0.00032","m":false},{"v":"1633365437003874305","t":1709448333322,"p":"62024.03","q":"0.20165","m":false},{"v":"1633365437339418625","t":1709448333362,"p":"62024.03","q":"0.00032","m":false}],"f":false,"sendTime":1709448333584,"shared":false,"id":"1"}
{"symbol":"BTCUSD","symbolName":"BTCUSD","topic":"trade","params":{"realtimeInterval":"24h","binary":"false"},"data":[{"v":"1633365448722759681","t":1709448334719,"p":"62018.8","q":"0.01788","m":false},{"v":"1633365448747925505","t":1709448334722,"p":"62018.79","q":"0.01808","m":true},{"v":"1633365449058304001","t":1709448334759,"p":"62018.8","q":"0.02771","m":false},{"v":"1633365449125412865","t":1709448334767,"p":"62018.79","q":"0.01912","m":true},{"v":"1633365449167355904","t":1709448334772,"p":"62018.79","q":"0.02204","m":true},{"v":"1633365449167355906","t":1709448334772,"p":"62018.79","q":"0.02159","m":true},{"v":"1633365449175744513","t":1709448334773,"p":"62018.79","q":"0.02993","m":true}],"f":false,"sendTime":1709448334785,"shared":false,"id":"1"}
{"symbol":"BTCUSD","symbolName":"BTCUSD","topic":"trade","params":{"realtimeInterval":"24h","binary":"false"},"data":[{"v":"1633365449259630593","t":1709448334783,"p":"62018.79","q":"0.01827","m":true}],"f":false,"sendTime":1709448334785,"shared":false,"id":"1"}
{"symbol":"BTCUSD","symbolName":"BTCUSD","topic":"trade","params":{"realtimeInterval":"24h","binary":"false"},"data":[{"v":"1633365449444179969","t":1709448334805,"p":"62018.8","q":"0.02205","m":false},{"v":"1633365449494511617","t":1709448334811,"p":"62018.8","q":"0.01817","m":false}],"f":false,"sendTime":1709448335085,"shared":false,"id":"1"}
{"symbol":"BTCUSD","symbolName":"BTCUSD","topic":"trade","params":{"realtimeInterval":"24h","binary":"false"},"data":[{"v":"1633365455064547329","t":1709448335475,"p":"62018.8","q":"0.02203","m":false},{"v":"1633365455114878977","t":1709448335481,"p":"62018.8","q":"0.01755","m":false},{"v":"1633365455148433408","t":1709448335485,"p":"62018.8","q":"0.02088","m":false},{"v":"1633365455383314433","t":1709448335513,"p":"62018.79","q":"0.02163","m":true},{"v":"1633365455391703041","t":1709448335514,"p":"62018.79","q":"0.02231","m":true},{"v":"1633365455416868864","t":1709448335517,"p":"62018.8","q":"0.01961","m":false}],"f":false,"sendTime":1709448335685,"shared":false,"id":"1"}
{"symbol":"BTCHKD","symbolName":"BTCHKD","topic":"trade","params":{"realtimeInterval":"24h","binary":"false"},"data":[{"v":"1633365734547800066","t":1709448368792,"p":"490281","q":"0.00032","m":false},{"v":"1633365734547800067","t":1709448368792,"p":"490281","q":"0.00017","m":false}],"f":false,"sendTime":1709448369026,"shared":false,"id":"1"}
{"symbol":"BTCUSD","symbolName":"BTCUSD","topic":"trade","params":{"realtimeInterval":"24h","binary":"false"},"data":[{"v":"1633366101893332992","t":1709448412583,"p":"62017.44","q":"0.01945","m":false},{"v":"1633366101943664640","t":1709448412589,"p":"62017.43","q":"0.01788","m":true},{"v":"1633366102631530497","t":1709448412671,"p":"62017.44","q":"0.01822","m":false},{"v":"1633366102656696321","t":1709448412674,"p":"62017.43","q":"0.02205","m":true},{"v":"1633366102656696323","t":1709448412674,"p":"62017.44","q":"0.02167","m":false},{"v":"1633366102665084928","t":1709448412675,"p":"62017.44","q":"0.01803","m":false},{"v":"1633366102665084930","t":1709448412675,"p":"62017.44","q":"0.03198","m":false},{"v":"1633366102673473537","t":1709448412676,"p":"62017.44","q":"0.01805","m":false},{"v":"1633366102698639360","t":1709448412679,"p":"62017.43","q":"0.01817","m":true},{"v":"1633366102933520385","t":1709448412707,"p":"62017.43","q":"0.02771","m":true},{"v":"1633366102941908992","t":1709448412708,"p":"62017.43","q":"0.01961","m":true},{"v":"1633366102941908994","t":1709448412708,"p":"62017.43","q":"0.02203","m":true}],"f":false,"sendTime":1709448412802,"shared":false,"id":"1"}
{"symbol":"BTCUSD","symbolName":"BTCUSD","topic":"trade","params":{"realtimeInterval":"24h","binary":"false"},"data":[{"v":"1633366105022283777","t":1709448412956,"p":"62017.43","q":"0.02088","m":true}],"f":false,"sendTime":1709448413102,"shared":false,"id":"1"}
{"symbol":"BTCUSD","symbolName":"BTCUSD","topic":"trade","params":{"realtimeInterval":"24h","binary":"false"},"data":[{"v":"1633366107748581376","t":1709448413281,"p":"62017.43","q":"0.01755","m":true},{"v":"1633366108142845953","t":1709448413328,"p":"62017.44","q":"0.02026","m":false},{"v":"1633366108402892801","t":1709448413359,"p":"62017.44","q":"0.02246","m":false}],"f":false,"sendTime":1709448413402,"shared":false,"id":"1"}
{"symbol":"BTCUSD","symbolName":"BTCUSD","topic":"trade","params":{"realtimeInterval":"24h","binary":"false"},"data":[{"v":"1633366175511756801","t":1709448421359,"p":"62015.43","q":"0.00032","m":true},{"v":"1633366175947964417","t":1709448421411,"p":"62015.43","q":"0.00032","m":true},{"v":"1633366176535166977","t":1709448421481,"p":"62015.43","q":"0.00032","m":true}],"f":false,"sendTime":1709448421506,"shared":false,"id":"1"}
{"symbol":"BTCUSD","symbolName":"BTCUSD","topic":"trade","params":{"realtimeInterval":"24h","binary":"false"},"data":[{"v":"1633366180343595008","t":1709448421935,"p":"62015.44","q":"0.0179","m":false},{"v":"1633366180368760832","t":1709448421938,"p":"62015.43","q":"0.01945","m":true},{"v":"1633366181501222913","t":1709448422073,"p":"62015.43","q":"0.02167","m":true},{"v":"1633366181509611521","t":1709448422074,"p":"62015.43","q":"0.03198","m":true},{"v":"1633366181518000129","t":1709448422075,"p":"62015.43","q":"0.01822","m":true},{"v":"1633366181551554560","t":1709448422079,"p":"62015.43","q":"0.01803","m":true},{"v":"1633366181576720385","t":1709448422082,"p":"62015.43","q":"0.01805","m":true},{"v":"1633366181585108993","t":1709448422083,"p":"62015.44","q":"0.01888","m":false},{"v":"1633366181610274816","t":1709448422086,"p":"62015.44","q":"0.01874","m":false},{"v":"1633366181761269762","t":1709448422104,"p":"62015.44","q":"0.02153","m":false}],"f":false,"sendTime":1709448422106,"shared":false,"id":"1"}
{"symbol":"BTCUSD","symbolName":"BTCUSD","topic":"trade","params":{"realtimeInterval":"24h","binary":"false"},"data":[{"v":"1633366182574964737","t":1709448422201,"p":"62015.44","q":"0.0321","m":false}],"f":false,"sendTime":1709448422406,"shared":false,"id":"1"}
{"symbol":"BTCUSD","symbolName":"BTCUSD","topic":"trade","params":{"realtimeInterval":"24h","binary":"false"},"data":[{"v":"1633366186450501633","t":1709448422663,"p":"62015.43","q":"0.02246","m":true},{"v":"1633366186458890241","t":1709448422664,"p":"62015.44","q":"0.02146","m":false},{"v":"1633366186458890243","t":1709448422664,"p":"62015.44","q":"0.01843","m":false},{"v":"1633366186467278848","t":1709448422665,"p":"62015.43","q":"0.02026","m":true},{"v":"1633366186593107968","t":1709448422680,"p":"62015.44","q":"0.02176","m":false}],"f":false,"sendTime":1709448422706,"shared":false,"id":"1"}
{"symbol":"BTCUSD","symbolName":"BTCUSD","topic":"trade","params":{"realtimeInterval":"24h","binary":"false"},"data":[{"v":"1633366197263417345","t":1709448423952,"p":"62015.43","q":"0.003","m":true},{"v":"1633366199050190849","t":1709448424165,"p":"62015.43","q":"0.003","m":true}],"f":false,"sendTime":1709448424207,"shared":false,"id":"1"}
{"symbol":"BTCUSD","symbolName":"BTCUSD","topic":"trade","params":{"realtimeInterval":"24h","binary":"false"},"data":[{"v":"1633366215290535937","t":1709448426101,"p":"62000","q":"0.02523","m":true}],"f":false,"sendTime":1709448426307,"shared":false,"id":"1"}
{"code":"-10001","desc":"Invalid JSON!"}
{"symbol":"BTCUSD","symbolName":"BTCUSD","topic":"trade","params":{"realtimeInterval":"24h","binary":"false"},"data":[{"v":"1633364498780012548","t":1709448221477,"p":"62012.14","q":"0.00044","m":true},{"v":"1633365281948844033","t":1709448314838,"p":"62013.59","q":"0.0043","m":false},{"v":"1633365370842923008","t":1709448325435,"p":"62013.59","q":"0.0043","m":false},{"v":"1633365436869656577","t":1709448333306,"p":"62024.03","q":"0.00032","m":false},{"v":"1633365437003874305","t":1709448333322,"p":"62024.03","q":"0.20165","m":false},{"v":"1633365437339418625","t":1709448333362,"p":"62024.03","q":"0.00032","m":false},{"v":"1633365448722759681","t":1709448334719,"p":"62018.8","q":"0.01788","m":false},{"v":"1633365448747925505","t":1709448334722,"p":"62018.79","q":"0.01808","m":true},{"v":"1633365449058304001","t":1709448334759,"p":"62018.8","q":"0.02771","m":false},{"v":"1633365449125412865","t":1709448334767,"p":"62018.79","q":"0.01912","m":true},{"v":"1633365449167355904","t":1709448334772,"p":"62018.79","q":"0.02204","m":true},{"v":"1633365449167355906","t":1709448334772,"p":"62018.79","q":"0.02159","m":true},{"v":"1633365449175744513","t":1709448334773,"p":"62018.79","q":"0.02993","m":true},{"v":"1633365449259630593","t":1709448334783,"p":"62018.79","q":"0.01827","m":true},{"v":"1633365449444179969","t":1709448334805,"p":"62018.8","q":"0.02205","m":false},{"v":"1633365449494511617","t":1709448334811,"p":"62018.8","q":"0.01817","m":false},{"v":"1633365455064547329","t":1709448335475,"p":"62018.8","q":"0.02203","m":false},{"v":"1633365455114878977","t":1709448335481,"p":"62018.8","q":"0.01755","m":false},{"v":"1633365455148433408","t":1709448335485,"p":"62018.8","q":"0.02088","m":false},{"v":"1633365455383314433","t":1709448335513,"p":"62018.79","q":"0.02163","m":true},{"v":"1633365455391703041","t":1709448335514,"p":"62018.79","q":"0.02231","m":true},{"v":"1633365455416868864","t":1709448335517,"p":"62018.8","q":"0.01961","m":false},{"v":"1633366101893332992","t":1709448412583,"p":"62017.44","q":"0.01945","m":false},{"v":"1633366101943664640","t":1709448412589,"p":"62017.43","q":"0.01788","m":true},{"v":"1633366102631530497","t":1709448412671,"p":"62017.44","q":"0.01822","m":false},{"v":"1633366102656696321","t":1709448412674,"p":"62017.43","q":"0.02205","m":true},{"v":"1633366102656696323","t":1709448412674,"p":"62017.44","q":"0.02167","m":false},{"v":"1633366102665084928","t":1709448412675,"p":"62017.44","q":"0.01803","m":false},{"v":"1633366102665084930","t":1709448412675,"p":"62017.44","q":"0.03198","m":false},{"v":"1633366102673473537","t":1709448412676,"p":"62017.44","q":"0.01805","m":false},{"v":"1633366102698639360","t":1709448412679,"p":"62017.43","q":"0.01817","m":true},{"v":"1633366102933520385","t":1709448412707,"p":"62017.43","q":"0.02771","m":true},{"v":"1633366102941908992","t":1709448412708,"p":"62017.43","q":"0.01961","m":true},{"v":"1633366102941908994","t":1709448412708,"p":"62017.43","q":"0.02203","m":true},{"v":"1633366105022283777","t":1709448412956,"p":"62017.43","q":"0.02088","m":true},{"v":"1633366107748581376","t":1709448413281,"p":"62017.43","q":"0.01755","m":true},{"v":"1633366108142845953","t":1709448413328,"p":"62017.44","q":"0.02026","m":false},{"v":"1633366108402892801","t":1709448413359,"p":"62017.44","q":"0.02246","m":false},{"v":"1633366175511756801","t":1709448421359,"p":"62015.43","q":"0.00032","m":true},{"v":"1633366175947964417","t":1709448421411,"p":"62015.43","q":"0.00032","m":true},{"v":"1633366176535166977","t":1709448421481,"p":"62015.43","q":"0.00032","m":true},{"v":"1633366180343595008","t":1709448421935,"p":"62015.44","q":"0.0179","m":false},{"v":"1633366180368760832","t":1709448421938,"p":"62015.43","q":"0.01945","m":true},{"v":"1633366181501222913","t":1709448422073,"p":"62015.43","q":"0.02167","m":true},{"v":"1633366181509611521","t":1709448422074,"p":"62015.43","q":"0.03198","m":true},{"v":"1633366181518000129","t":1709448422075,"p":"62015.43","q":"0.01822","m":true},{"v":"1633366181551554560","t":1709448422079,"p":"62015.43","q":"0.01803","m":true},{"v":"1633366181576720385","t":1709448422082,"p":"62015.43","q":"0.01805","m":true},{"v":"1633366181585108993","t":1709448422083,"p":"62015.44","q":"0.01888","m":false},{"v":"1633366181610274816","t":1709448422086,"p":"62015.44","q":"0.01874","m":false},{"v":"1633366181761269762","t":1709448422104,"p":"62015.44","q":"0.02153","m":false},{"v":"1633366182574964737","t":1709448422201,"p":"62015.44","q":"0.0321","m":false},{"v":"1633366186450501633","t":1709448422663,"p":"62015.43","q":"0.02246","m":true},{"v":"1633366186458890241","t":1709448422664,"p":"62015.44","q":"0.02146","m":false},{"v":"1633366186458890243","t":1709448422664,"p":"62015.44","q":"0.01843","m":false},{"v":"1633366186467278848","t":1709448422665,"p":"62015.43","q":"0.02026","m":true},{"v":"1633366186593107968","t":1709448422680,"p":"62015.44","q":"0.02176","m":false},{"v":"1633366197263417345","t":1709448423952,"p":"62015.43","q":"0.003","m":true},{"v":"1633366199050190849","t":1709448424165,"p":"62015.43","q":"0.003","m":true},{"v":"1633366215290535937","t":1709448426101,"p":"62000","q":"0.02523","m":true}],"f":true,"sendTime":1709448455201,"shared":false,"id":"1"}
{"symbol":"BTCHKD","symbolName":"BTCHKD","topic":"trade","params":{"realtimeInterval":"24h","binary":"false"},"data":[{"v":"1633347852795396097","t":1709446237121,"p":"488399","q":"0.00032","m":false},{"v":"1633347853751697409","t":1709446237235,"p":"488399","q":"0.00032","m":false},{"v":"1633348614975930370","t":1709446327980,"p":"488340","q":"0.00032","m":false},{"v":"1633349621910880257","t":1709446448016,"p":"489040","q":"0.00032","m":true},{"v":"1633350628854218753","t":1709446568053,"p":"489223","q":"0.00043","m":true},{"v":"1633351145701523456","t":1709446629666,"p":"488968","q":"0.001","m":false},{"v":"1633351635780780033","t":1709446688088,"p":"489175","q":"0.00047","m":false},{"v":"1633352642908667905","t":1709446808147,"p":"489266","q":"0.00042","m":true},{"v":"1633353649826840578","t":1709446928181,"p":"489607","q":"0.00043","m":false},{"v":"1633353764524277760","t":1709446941854,"p":"489591","q":"0.00032","m":false},{"v":"1633353765128257536","t":1709446941926,"p":"489607","q":"0.00032","m":true},{"v":"1633353765740625921","t":1709446941999,"p":"489607","q":"0.00032","m":true},{"v":"1633353766143279104","t":1709446942047,"p":"489607","q":"0.00003","m":true},{"v":"1633354656946339841","t":1709447048239,"p":"489969","q":"0.00043","m":false},{"v":"1633354878153932800","t":1709447074609,"p":"489969","q":"0.00092","m":false},{"v":"1633354878866964481","t":1709447074694,"p":"489969","q":"0.0003","m":false},{"v":"1633354881224163329","t":1709447074975,"p":"489969","q":"0.0003","m":false},{"v":"1633354881886863361","t":1709447075054,"p":"489969","q":"0.00064","m":false},{"v":"1633355663864512512","t":1709447168273,"p":"490458","q":"0.00032","m":true},{"v":"1633356670833016833","t":1709447288313,"p":"490672","q":"0.00042","m":true},{"v":"1633357677860241409","t":1709447408360,"p":"490571","q":"0.00041","m":true},{"v":"1633358685600497665","t":1709447528492,"p":"490300","q":"0.00032","m":false},{"v":"1633359692745162753","t":1709447648553,"p":"490127","q":"0.00041","m":true},{"v":"1633360699671724033","t":1709447768588,"p":"490243","q":"0.00048","m":false},{"v":"1633361477765447681","t":1709447861344,"p":"490113","q":"0.01611","m":false},{"v":"1633361477765447682","t":1709447861344,"p":"490234","q":"0.00306","m":false},{"v":"1633361478713360385","t":1709447861457,"p":"490243","q":"0.01611","m":true},{"v":"1633361479149568001","t":1709447861509,"p":"490243","q":"0.01611","m":true},{"v":"1633361479745159169","t":1709447861580,"p":"490243","q":"0.00032","m":true},{"v":"1633361479971651585","t":1709447861607,"p":"490243","q":"0.01611","m":true},{"v":"1633361480223309825","t":1709447861637,"p":"490243","q":"0.00032","m":true},{"v":"1633361480625963009","t":1709447861685,"p":"490243","q":"0.00032","m":true},{"v":"1633361481263497217","t":1709447861761,"p":"490243","q":"0.00032","m":true},{"v":"1633361706564730882","t":1709447888619,"p":"490243","q":"0.00049","m":true},{"v":"1633361910315630592","t":1709447912908,"p":"490243","q":"0.00306","m":true},{"v":"1633362381973504001","t":1709447969134,"p":"490243","q":"0.00306","m":true},{"v":"1633362583677583361","t":1709447993179,"p":"490243","q":"0.00306","m":true},{"v":"1633362713566789633","t":1709448008663,"p":"490243","q":"0.00047","m":true},{"v":"1633362862280032256","t":1709448026391,"p":"490243","q":"0.00408","m":true},{"v":"1633363051510251520","t":1709448048949,"p":"490243","q":"0.0006","m":true},{"v":"1633363054798585857","t":1709448049341,"p":"490243","q":"0.01635","m":true},{"v":"1633363720644345856","t":1709448128716,"p":"490001","q":"0.00047","m":true},{"v":"1633364727629627393","t":1709448248758,"p":"490002","q":"0.00032","m":false},{"v":"1633365155104702464","t":1709448299717,"p":"490002","q":"0.00032","m":false},{"v":"1633365156362993664","t":1709448299867,"p":"490002","q":"0.00032","m":true},{"v":"1633365156396548097","t":1709448299871,"p":"490045","q":"0.01611","m":false},{"v":"1633365156396548098","t":1709448299871,"p":"490244","q":"0.00002","m":false},{"v":"1633365156799201280","t":1709448299919,"p":"490002","q":"0.00032","m":true},{"v":"1633365158242041856","t":1709448300091,"p":"490002","q":"0.00032","m":false},{"v":"1633365158560808960","t":1709448300129,"p":"490068","q":"0.00048","m":false},{"v":"1633365160515354625","t":1709448300362,"p":"490003","q":"0.00032","m":false},{"v":"1633365160515354626","t":1709448300362,"p":"490068","q":"0.01563","m":false},{"v":"1633365160515354627","t":1709448300362,"p":"490244","q":"0.00304","m":false},{"v":"1633365163182931969","t":1709448300680,"p":"490280","q":"0.00965","m":false},{"v":"1633365164952928258","t":1709448300891,"p":"490280","q":"0.07249","m":false},{"v":"1633365164952928259","t":1709448300891,"p":"490280","q":"0.00942","m":false},{"v":"1633365166001504256","t":1709448301016,"p":"490080","q":"0.01611","m":false},{"v":"1633365167075246081","t":1709448301144,"p":"490280","q":"0.00032","m":true},{"v":"1633365734547800066","t":1709448368792,"p":"490281","q":"0.00032","m":false},{"v":"1633365734547800067","t":1709448368792,"p":"490281","q":"0.00017","m":false}],"f":true,"sendTime":1709448455201,"shared":false,"id":"1"}
{"pong":1709448465194}
{"symbol":"BTCHKD","symbolName":"BTCHKD","topic":"trade","params":{"realtimeInterval":"24h","binary":"false"},"data":[{"v":"1633366741474361347","t":1709448488827,"p":"490280","q":"0.00028","m":true}],"f":false,"sendTime":1709448489052,"shared":false,"id":"1"}
{"symbol":"BTCUSD","symbolName":"BTCUSD","topic":"trade","params":{"realtimeInterval":"24h","binary":"false"},"data":[{"v":"1633366748671787009","t":1709448489685,"p":"62002.01","q":"0.00032","m":false}],"f":false,"sendTime":1709448489921,"shared":false,"id":"1"}
{"symbol":"BTCUSD","symbolName":"BTCUSD","topic":"trade","params":{"realtimeInterval":"24h","binary":"false"},"data":[{"v":"1633366754350874624","t":1709448490362,"p":"62002","q":"0.0179","m":true},{"v":"1633366754359263232","t":1709448490363,"p":"62002.01","q":"0.01831","m":false},{"v":"1633366754896134144","t":1709448490427,"p":"62002.01","q":"0.0195","m":false},{"v":"1633366755290398721","t":1709448490474,"p":"62002","q":"0.0321","m":true},{"v":"1633366755307175938","t":1709448490476,"p":"62002","q":"0.01888","m":true},{"v":"1633366755315564545","t":1709448490477,"p":"62002.01","q":"0.01951","m":false},{"v":"1633366755349118977","t":1709448490481,"p":"62002.01","q":"0.01884","m":false},{"v":"1633366755441393665","t":1709448490492,"p":"62002.01","q":"0.02894","m":false},{"v":"1633366755542056961","t":1709448490504,"p":"62002","q":"0.02153","m":true},{"v":"1633366755575611394","t":1709448490508,"p":"62002.01","q":"0.01808","m":false}],"f":false,"sendTime":1709448490522,"shared":false,"id":"1"}
{"symbol":"BTCUSD","symbolName":"BTCUSD","topic":"trade","params":{"realtimeInterval":"24h","binary":"false"},"data":[{"v":"1633366755676274689","t":1709448490520,"p":"62002.01","q":"0.01775","m":false}],"f":false,"sendTime":1709448490522,"shared":false,"id":"1"}
{"symbol":"BTCUSD","symbolName":"BTCUSD","topic":"trade","params":{"realtimeInterval":"24h","binary":"false"},"data":[{"v":"1633366756213145601","t":1709448490584,"p":"62002.01","q":"0.0005","m":false},{"v":"1633366757328830465","t":1709448490717,"p":"62002","q":"0.02176","m":true},{"v":"1633366757941198849","t":1709448490790,"p":"62002","q":"0.02146","m":true}],"f":false,"sendTime":1709448490822,"shared":false,"id":"1"}
{"symbol":"BTCUSD","symbolName":"BTCUSD","topic":"trade","params":{"realtimeInterval":"24h","binary":"false"},"data":[{"v":"1633366761061761025","t":1709448491162,"p":"62002","q":"0.01843","m":true},{"v":"1633366761070149633","t":1709448491163,"p":"62002.01","q":"0.02191","m":false},{"v":"1633366761145647105","t":1709448491172,"p":"62002","q":"0.01874","m":true}],"f":false,"sendTime":1709448491422,"shared":false,"id":"1"}
{"symbol":"BTCUSD","symbolName":"BTCUSD","topic":"trade","params":{"realtimeInterval":"24h","binary":"false"},"data":[{"v":"1633366764199100417","t":1709448491536,"p":"62002","q":"0.0043","m":true}],"f":false,"sendTime":1709448491722,"shared":false,"id":"1"}
{"symbol":"BTCUSD","symbolName":"BTCUSD","topic":"trade","params":{"realtimeInterval":"24h","binary":"false"},"data":[{"v":"1633366842657751041","t":1709448500889,"p":"62014.74","q":"0.02184","m":false},{"v":"1633366842682916865","t":1709448500892,"p":"62014.73","q":"0.01831","m":true},{"v":"1633366843362394112","t":1709448500973,"p":"62014.73","q":"0.01884","m":true},{"v":"1633366843362394114","t":1709448500973,"p":"62014.73","q":"0.01808","m":true},{"v":"1633366843395948544","t":1709448500977,"p":"62014.74","q":"0.01881","m":false}],"f":false,"sendTime":1709448501024,"shared":false,"id":"1"}
{"symbol":"BTCHKD","symbolName":"BTCHKD","topic":"trade","params":{"realtimeInterval":"24h","binary":"false"},"data":[{"v":"1633366843488223233","t":1709448500988,"p":"490002","q":"0.00032","m":false}],"f":false,"sendTime":1709448501055,"shared":false,"id":"1"}
{"symbol":"BTCUSD","symbolName":"BTCUSD","topic":"trade","params":{"realtimeInterval":"24h","binary":"false"},"data":[{"v":"1633366845107224577","t":1709448501181,"p":"62014.74","q":"0.02226","m":false},{"v":"1633366845115613185","t":1709448501182,"p":"62014.73","q":"0.02894","m":true},{"v":"1633366845124001792","t":1709448501183,"p":"62014.74","q":"0.02024","m":false},{"v":"1633366845274996737","t":1709448501201,"p":"62014.74","q":"0.02831","m":false}],"f":false,"sendTime":1709448501325,"shared":false,"id":"1"}
{"symbol":"BTCHKD","symbolName":"BTCHKD","topic":"trade","params":{"realtimeInterval":"24h","binary":"false"},"data":[{"v":"1633366844352249857","t":1709448501091,"p":"490002","q":"0.00032","m":false}],"f":false,"sendTime":1709448501356,"shared":false,"id":"1"}
{"symbol":"BTCUSD","symbolName":"BTCUSD","topic":"trade","params":{"realtimeInterval":"24h","binary":"false"},"data":[{"v":"1633366848571719682","t":1709448501594,"p":"62014.73","q":"0.02191","m":true}],"f":false,"sendTime":1709448501625,"shared":false,"id":"1"}
{"symbol":"BTCUSD","symbolName":"BTCUSD","topic":"trade","params":{"realtimeInterval":"24h","binary":"false"},"data":[{"v":"1633366853042847745","t":1709448502127,"p":"62014.73","q":"0.01951","m":true},{"v":"1633366853051236352","t":1709448502128,"p":"62014.73","q":"0.0195","m":true}],"f":false,"sendTime":1709448502225,"shared":false,"id":"1"}
{"symbol":"BTCUSD","symbolName":"BTCUSD","topic":"trade","params":{"realtimeInterval":"24h","binary":"false"},"data":[{"v":"1633366855475544064","t":1709448502417,"p":"62014.74","q":"0.02098","m":false},{"v":"1633366855534264321","t":1709448502424,"p":"62014.74","q":"0.02141","m":false},{"v":"1633366855559430144","t":1709448502427,"p":"62014.74","q":"0.01915","m":false},{"v":"1633366855668482048","t":1709448502440,"p":"62014.73","q":"0.01775","m":true}],"f":false,"sendTime":1709448502525,"shared":false,"id":"1"}
{"symbol":"BTCUSD","symbolName":"BTCUSD","topic":"trade","params":{"realtimeInterval":"24h","binary":"false"},"data":[{"v":"1633366858747101184","t":1709448502807,"p":"62014.73","q":"0.0043","m":true}],"f":false,"sendTime":1709448502825,"shared":false,"id":"1"}
{"symbol":"BTCHKD","symbolName":"BTCHKD","topic":"trade","params":{"realtimeInterval":"24h","binary":"false"},"data":[{"v":"1633366858302504960","t":1709448502754,"p":"490003","q":"0.00032","m":false}],"f":false,"sendTime":1709448502856,"shared":false,"id":"1"}
{"symbol":"BTCHKD","symbolName":"BTCHKD","topic":"trade","params":{"realtimeInterval":"24h","binary":"false"},"data":[{"v":"1633366859158142977","t":1709448502856,"p":"490003","q":"0.00032","m":false}],"f":false,"sendTime":1709448503156,"shared":false,"id":"1"}
{"symbol":"BTCHKD","symbolName":"BTCHKD","topic":"trade","params":{"realtimeInterval":"24h","binary":"false"},"data":[{"v":"1633366865852252160","t":1709448503654,"p":"490003","q":"0.00032","m":false},{"v":"1633366866691112960","t":1709448503754,"p":"490003","q":"0.00032","m":false}],"f":false,"sendTime":1709448503756,"shared":false,"id":"1"}
{"symbol":"BTCHKD","symbolName":"BTCHKD","topic":"trade","params":{"realtimeInterval":"24h","binary":"false"},"data":[{"v":"1633366883417997312","t":1709448505748,"p":"490003","q":"0.00032","m":false}],"f":false,"sendTime":1709448505857,"shared":false,"id":"1"}
{"symbol":"BTCHKD","symbolName":"BTCHKD","topic":"trade","params":{"realtimeInterval":"24h","binary":"false"},"data":[{"v":"1633366884693065730","t":1709448505900,"p":"490003","q":"0.00032","m":false}],"f":false,"sendTime":1709448506157,"shared":false,"id":"1"}
{"symbol":"BTCHKD","symbolName":"BTCHKD","topic":"trade","params":{"realtimeInterval":"24h","binary":"false"},"data":[{"v":"1633366888509882368","t":1709448506355,"p":"490003","q":"0.00032","m":false},{"v":"1633366889071919104","t":1709448506422,"p":"490003","q":"0.00032","m":false}],"f":false,"sendTime":1709448506457,"shared":false,"id":"1"}
{"symbol":"BTCHKD","symbolName":"BTCHKD","topic":"trade","params":{"realtimeInterval":"24h","binary":"false"},"data":[{"v":"1633366890875469825","t":1709448506637,"p":"490071","q":"0.00062","m":false}],"f":false,"sendTime":1709448506757,"shared":false,"id":"1"}
{"symbol":"BTCHKD","symbolName":"BTCHKD","topic":"trade","params":{"realtimeInterval":"24h","binary":"false"},"data":[{"v":"1633366899624787969","t":1709448507680,"p":"490071","q":"0.00062","m":false}],"f":false,"sendTime":1709448507957,"shared":false,"id":"1"}
{"symbol":"BTCHKD","symbolName":"BTCHKD","topic":"trade","params":{"realtimeInterval":"24h","binary":"false"},"data":[{"v":"1633366921267396610","t":1709448510260,"p":"490071","q":"0.01487","m":false}],"f":false,"sendTime":1709448510358,"shared":false,"id":"1"}
{"symbol":"BTCHKD","symbolName":"BTCHKD","topic":"trade","params":{"realtimeInterval":"24h","binary":"false"},"data":[{"v":"1633366926199898113","t":1709448510848,"p":"490140","q":"0.0006","m":false}],"f":false,"sendTime":1709448510958,"shared":false,"id":"1"}
{"symbol":"BTCUSD","symbolName":"BTCUSD","topic":"trade","params":{"realtimeInterval":"24h","binary":"false"},"data":[{"v":"1633366991488434176","t":1709448518631,"p":"62029.38","q":"0.02184","m":true},{"v":"1633366991580708864","t":1709448518642,"p":"62029.39","q":"0.01801","m":false}],"f":false,"sendTime":1709448518729,"shared":false,"id":"1"}
{"symbol":"BTCUSD","symbolName":"BTCUSD","topic":"trade","params":{"realtimeInterval":"24h","binary":"false"},"data":[{"v":"1633366992402792449","t":1709448518740,"p":"62029.38","q":"0.01881","m":true},{"v":"1633366992444735488","t":1709448518745,"p":"62029.39","q":"0.02003","m":false},{"v":"1633366992469901313","t":1709448518748,"p":"62029.39","q":"0.01784","m":false},{"v":"1633366992486678529","t":1709448518750,"p":"62029.39","q":"0.03048","m":false},{"v":"1633366992503455745","t":1709448518752,"p":"62029.39","q":"0.01942","m":false},{"v":"1633366992511844355","t":1709448518753,"p":"62029.39","q":"0.01766","m":false},{"v":"1633366992520232961","t":1709448518754,"p":"62029.38","q":"0.02831","m":true},{"v":"1633366992562176000","t":1709448518759,"p":"62029.38","q":"0.02226","m":true}],"f":false,"sendTime":1709448519029,"shared":false,"id":"1"}
{"symbol":"BTCUSD","symbolName":"BTCUSD","topic":"trade","params":{"realtimeInterval":"24h","binary":"false"},"data":[{"v":"1633366995858898945","t":1709448519152,"p":"62029.38","q":"0.02141","m":true},{"v":"1633366995867287553","t":1709448519153,"p":"62029.38","q":"0.02024","m":true},{"v":"1633366995900841985","t":1709448519157,"p":"62029.39","q":"0.0213","m":false},{"v":"1633366995917619200","t":1709448519159,"p":"62029.38","q":"0.01915","m":true},{"v":"1633366996194443265","t":1709448519192,"p":"62029.39","q":"0.0203","m":false},{"v":"1633366996202831873","t":1709448519193,"p":"62029.38","q":"0.02098","m":true}],"f":false,"sendTime":1709448519329,"shared":false,"id":"1"}
{"symbol":"BTCHKD","symbolName":"BTCHKD","topic":"trade","params":{"realtimeInterval":"24h","binary":"false"},"data":[{"v":"1633367025604902912","t":1709448522698,"p":"490192","q":"0.00092","m":false}],"f":false,"sendTime":1709448522960,"shared":false,"id":"1"}
{"symbol":"BTCUSD","symbolName":"BTCUSD","topic":"trade","params":{"realtimeInterval":"24h","binary":"false"},"data":[{"v":"1633367071633195008","t":1709448528185,"p":"62032.75","q":"0.00032","m":false}],"f":false,"sendTime":1709448528333,"shared":false,"id":"1"}
{"symbol":"BTCUSD","symbolName":"BTCUSD","topic":"trade","params":{"realtimeInterval":"24h","binary":"false"},"data":[{"v":"1633367075659726849","t":1709448528665,"p":"62032.75","q":"0.01864","m":false},{"v":"1633367075684892673","t":1709448528668,"p":"62032.74","q":"0.01801","m":true},{"v":"1633367076305649665","t":1709448528742,"p":"62032.75","q":"0.02091","m":false},{"v":"1633367076322426881","t":1709448528744,"p":"62032.74","q":"0.03048","m":true},{"v":"1633367076322426883","t":1709448528744,"p":"62032.74","q":"0.02003","m":true},{"v":"1633367076431478785","t":1709448528757,"p":"62032.75","q":"0.02079","m":false},{"v":"1633367076431478787","t":1709448528757,"p":"62032.74","q":"0.01766","m":true},{"v":"1633367076590862337","t":1709448528776,"p":"62032.74","q":"0.01784","m":true},{"v":"1633367076691525632","t":1709448528788,"p":"62032.74","q":"0.01942","m":true},{"v":"1633367077110956033","t":1709448528838,"p":"62032.75","q":"0.0282","m":false}],"f":false,"sendTime":1709448528933,"shared":false,"id":"1"}
{"symbol":"BTCUSD","symbolName":"BTCUSD","topic":"trade","params":{"realtimeInterval":"24h","binary":"false"},"data":[{"v":"1633367079686258689","t":1709448529145,"p":"62032.75","q":"0.02245","m":false},{"v":"1633367079744978945","t":1709448529152,"p":"62032.74","q":"0.0213","m":true},{"v":"1633367079837253633","t":1709448529163,"p":"62032.75","q":"0.02122","m":false},{"v":"1633367079870808065","t":1709448529167,"p":"62032.75","q":"0.02036","m":false},{"v":"1633367079904362497","t":1709448529171,"p":"62032.75","q":"0.01888","m":false},{"v":"1633367079904362499","t":1709448529171,"p":"62032.74","q":"0.0203","m":true}],"f":false,"sendTime":1709448529233,"shared":false,"id":"1"}
{"symbol":"BTCHKD","symbolName":"BTCHKD","topic":"trade","params":{"realtimeInterval":"24h","binary":"false"},"data":[{"v":"1633367096111153153","t":1709448531103,"p":"490252","q":"0.0006","m":false}],"f":false,"sendTime":1709448531362,"shared":false,"id":"1"}
{"symbol":"BTCHKD","symbolName":"BTCHKD","topic":"trade","params":{"realtimeInterval":"24h","binary":"false"},"data":[{"v":"1633367100959768577","t":1709448531681,"p":"490252","q":"0.01551","m":false}],"f":false,"sendTime":1709448531962,"shared":false,"id":"1"}
{"symbol":"BTCHKD","symbolName":"BTCHKD","topic":"trade","params":{"realtimeInterval":"24h","binary":"false"},"data":[{"v":"1633367105103740928","t":1709448532175,"p":"490277","q":"0.01611","m":false}],"f":false,"sendTime":1709448532262,"shared":false,"id":"1"}
{"symbol":"BTCHKD","symbolName":"BTCHKD","topic":"trade","params":{"realtimeInterval":"24h","binary":"false"},"data":[{"v":"1633367107947479041","t":1709448532514,"p":"490305","q":"0.01611","m":false}],"f":false,"sendTime":1709448532562,"shared":false,"id":"1"}
{"symbol":"BTCHKD","symbolName":"BTCHKD","topic":"trade","params":{"realtimeInterval":"24h","binary":"false"},"data":[{"v":"1633367108794728449","t":1709448532615,"p":"490332","q":"0.01611","m":false}],"f":false,"sendTime":1709448532863,"shared":false,"id":"1"}
{"symbol":"BTCHKD","symbolName":"BTCHKD","topic":"trade","params":{"realtimeInterval":"24h","binary":"false"},"data":[{"v":"1633367113442017280","t":1709448533169,"p":"490359","q":"0.01611","m":false}],"f":false,"sendTime":1709448533463,"shared":false,"id":"1"}
{"symbol":"BTCHKD","symbolName":"BTCHKD","topic":"trade","params":{"realtimeInterval":"24h","binary":"false"},"data":[{"v":"1633367116268978178","t":1709448533506,"p":"490386","q":"0.01611","m":false},{"v":"1633367116268978179","t":1709448533506,"p":"490551","q":"0.09151","m":false}],"f":false,"sendTime":1709448533763,"shared":false,"id":"1"}
{"symbol":"BTCHKD","symbolName":"BTCHKD","topic":"trade","params":{"realtimeInterval":"24h","binary":"false"},"data":[{"v":"1633367126041706496","t":1709448534671,"p":"490432","q":"0.00032","m":false},{"v":"1633367127887200257","t":1709448534891,"p":"490477","q":"0.00032","m":false}],"f":false,"sendTime":1709448534963,"shared":false,"id":"1"}
{"symbol":"BTCHKD","symbolName":"BTCHKD","topic":"trade","params":{"realtimeInterval":"24h","binary":"false"},"data":[{"v":"1633367128860278785","t":1709448535007,"p":"490477","q":"0.00032","m":false},{"v":"1633367130370228224","t":1709448535187,"p":"490568","q":"0.0161","m":false}],"f":false,"sendTime":1709448535263,"shared":false,"id":"1"}
{"symbol":"BTCHKD","symbolName":"BTCHKD","topic":"trade","params":{"realtimeInterval":"24h","binary":"false"},"data":[{"v":"1633367132953919489","t":1709448535495,"p":"490597","q":"0.0161","m":false}],"f":false,"sendTime":1709448535563,"shared":false,"id":"1"}
{"symbol":"BTCHKD","symbolName":"BTCHKD","topic":"trade","params":{"realtimeInterval":"24h","binary":"false"},"data":[{"v":"1633367138196799489","t":1709448536120,"p":"490624","q":"0.0161","m":false}],"f":false,"sendTime":1709448536163,"shared":false,"id":"1"}
{"symbol":"BTCHKD","symbolName":"BTCHKD","topic":"trade","params":{"realtimeInterval":"24h","binary":"false"},"data":[{"v":"1633367142902808577","t":1709448536681,"p":"490630","q":"0.0161","m":false}],"f":false,"sendTime":1709448536763,"shared":false,"id":"1"}
{"symbol":"BTCHKD","symbolName":"BTCHKD","topic":"trade","params":{"realtimeInterval":"24h","binary":"false"},"data":[{"v":"1633367145452945409","t":1709448536985,"p":"490657","q":"0.0161","m":false}],"f":false,"sendTime":1709448537063,"shared":false,"id":"1"}
{"symbol":"BTCHKD","symbolName":"BTCHKD","topic":"trade","params":{"realtimeInterval":"24h","binary":"false"},"data":[{"v":"1633367150544830464","t":1709448537592,"p":"490685","q":"0.0161","m":false}],"f":false,"sendTime":1709448537664,"shared":false,"id":"1"}
{"symbol":"BTCHKD","symbolName":"BTCHKD","topic":"trade","params":{"realtimeInterval":"24h","binary":"false"},"data":[{"v":"1633367155502497793","t":1709448538183,"p":"490712","q":"0.0161","m":false}],"f":false,"sendTime":1709448538264,"shared":false,"id":"1"}
{"symbol":"BTCHKD","symbolName":"BTCHKD","topic":"trade","params":{"realtimeInterval":"24h","binary":"false"},"data":[{"v":"1633367158027468801","t":1709448538484,"p":"490739","q":"0.0161","m":false}],"f":false,"sendTime":1709448538564,"shared":false,"id":"1"}
{"symbol":"BTCHKD","symbolName":"BTCHKD","topic":"trade","params":{"realtimeInterval":"24h","binary":"false"},"data":[{"v":"1633367160518885377","t":1709448538781,"p":"490766","q":"0.0161","m":false}],"f":false,"sendTime":1709448538864,"shared":false,"id":"1"}
{"symbol":"BTCHKD","symbolName":"BTCHKD","topic":"trade","params":{"realtimeInterval":"24h","binary":"false"},"data":[{"v":"1633367165644324865","t":1709448539392,"p":"490794","q":"0.0161","m":false}],"f":false,"sendTime":1709448539464,"shared":false,"id":"1"}
{"code":"-10001","desc":"Invalid JSON!"}
{"code":"-10001","desc":"Invalid JSON!"}
{"code":"-10001","desc":"Invalid JSON!"}
{"code":"-10001","desc":"Invalid JSON!"}
{"symbol":"BTCUSD","symbolName":"BTCUSD","topic":"trade","params":{"realtimeInterval":"24h","binary":"false"},"data":[{"v":"1633367079744978945","t":1709448529152,"p":"62032.74","q":"0.0213","m":true},{"v":"1633367079837253633","t":1709448529163,"p":"62032.75","q":"0.02122","m":false},{"v":"1633367079870808065","t":1709448529167,"p":"62032.75","q":"0.02036","m":false},{"v":"1633367079904362497","t":1709448529171,"p":"62032.75","q":"0.01888","m":false},{"v":"1633367079904362499","t":1709448529171,"p":"62032.74","q":"0.0203","m":true},{"v":"1633367357584064513","t":1709448562273,"p":"62032.74","q":"0.00032","m":true},{"v":"1633367357584064514","t":1709448562273,"p":"62031.67","q":"0.00018","m":true},{"v":"1633367419710095360","t":1709448569679,"p":"62032.74","q":"0.00032","m":true},{"v":"1633367420691562496","t":1709448569796,"p":"62032.74","q":"0.00032","m":true},{"v":"1633367448575295490","t":1709448573120,"p":"62032.73","q":"0.00032","m":true},{"v":"1633367449254772737","t":1709448573201,"p":"62032.73","q":"0.00032","m":true},{"v":"1633367458230583297","t":1709448574271,"p":"62030.33","q":"0.01997","m":false},{"v":"1633367458272526338","t":1709448574276,"p":"62030.32","q":"0.01864","m":true},{"v":"1633367458834563073","t":1709448574343,"p":"62030.32","q":"0.02079","m":true},{"v":"1633367458952003584","t":1709448574357,"p":"62030.32","q":"0.0282","m":true},{"v":"1633367458952003586","t":1709448574357,"p":"62030.33","q":"0.01954","m":false},{"v":"1633367458977169409","t":1709448574360,"p":"62030.33","q":"0.0186","m":false},{"v":"1633367459019112449","t":1709448574365,"p":"62030.32","q":"0.02091","m":true},{"v":"1633367459119775745","t":1709448574377,"p":"62030.33","q":"0.01928","m":false},{"v":"1633367459178496001","t":1709448574384,"p":"62030.33","q":"0.01805","m":false},{"v":"1633367459732144129","t":1709448574450,"p":"62030.33","q":"0.02826","m":false},{"v":"1633367462173229057","t":1709448574741,"p":"62030.33","q":"0.02216","m":false},{"v":"1633367462290669568","t":1709448574755,"p":"62030.32","q":"0.01888","m":true},{"v":"1633367462315835392","t":1709448574758,"p":"62030.32","q":"0.02245","m":true},{"v":"1633367462324224001","t":1709448574759,"p":"62030.32","q":"0.02036","m":true},{"v":"1633367462349389824","t":1709448574762,"p":"62030.33","q":"0.02018","m":false},{"v":"1633367462441664513","t":1709448574773,"p":"62030.32","q":"0.02122","m":true},{"v":"1633367473749508097","t":1709448576121,"p":"62030.32","q":"0.07855","m":true},{"v":"1633367476610023425","t":1709448576462,"p":"62030.3","q":"0.025","m":true},{"v":"1633367512790089731","t":1709448580775,"p":"62027.94","q":"0.05","m":true},{"v":"1633367514459422722","t":1709448580974,"p":"62027.94","q":"0.05","m":true},{"v":"1633367684622336001","t":1709448601259,"p":"62027.94","q":"0.003","m":true},{"v":"1633367686979534849","t":1709448601540,"p":"62027.94","q":"0.002","m":true},{"v":"1633367906626846720","t":1709448627724,"p":"62030.31","q":"0.01997","m":true},{"v":"1633367906777841664","t":1709448627742,"p":"62030.32","q":"0.0006","m":false},{"v":"1633367906777841665","t":1709448627742,"p":"62030.32","q":"0.01759","m":false},{"v":"1633367907289546752","t":1709448627803,"p":"62030.32","q":"0.02219","m":false},{"v":"1633367907398598656","t":1709448627816,"p":"62030.31","q":"0.0186","m":true},{"v":"1633367907474096128","t":1709448627825,"p":"62030.32","q":"0.01957","m":false},{"v":"1633367907482484737","t":1709448627826,"p":"62030.31","q":"0.01805","m":true},{"v":"1633367907499261952","t":1709448627828,"p":"62030.31","q":"0.02826","m":true},{"v":"1633367907507650561","t":1709448627829,"p":"62030.31","q":"0.01954","m":true},{"v":"1633367907541204993","t":1709448627833,"p":"62030.31","q":"0.01928","m":true},{"v":"1633367907557982209","t":1709448627835,"p":"62030.32","q":"0.019","m":false},{"v":"1633367908380065793","t":1709448627933,"p":"62030.32","q":"0.02981","m":false},{"v":"1633367910762430467","t":1709448628217,"p":"62030.31","q":"0.02216","m":true},{"v":"1633367910787596289","t":1709448628220,"p":"62030.32","q":"0.01784","m":false},{"v":"1633367910804373505","t":1709448628222,"p":"62030.31","q":"0.02018","m":true},{"v":"1633367910863093761","t":1709448628229,"p":"62030.32","q":"0.02174","m":false},{"v":"1633367910921814017","t":1709448628236,"p":"62030.32","q":"0.02042","m":false},{"v":"1633367928328175617","t":1709448630311,"p":"62030.22","q":"0.00032","m":true},{"v":"1633367928328175618","t":1709448630311,"p":"62027.94","q":"0.04968","m":true},{"v":"1633367929091538945","t":1709448630402,"p":"62030.31","q":"0.00032","m":false},{"v":"1633367929544523777","t":1709448630456,"p":"62030.31","q":"0.00032","m":false},{"v":"1633367930274332673","t":1709448630543,"p":"62030.31","q":"0.00032","m":false},{"v":"1633367930324664320","t":1709448630549,"p":"62030.31","q":"0.00033","m":false},{"v":"1633367934720294913","t":1709448631073,"p":"62030.31","q":"0.05","m":true},{"v":"1633367937354317824","t":1709448631387,"p":"62030.31","q":"0.05","m":true},{"v":"1633368093734748161","t":1709448650029,"p":"62030.31","q":"0.00032","m":true},{"v":"1633368093734748162","t":1709448650029,"p":"62030.31","q":"0.00028","m":true}],"f":true,"sendTime":1709448657517,"shared":false,"id":"1"}
{"symbol":"BTCHKD","symbolName":"BTCHKD","topic":"trade","params":{"realtimeInterval":"24h","binary":"false"},"data":[{"v":"1633367758005878784","t":1709448610007,"p":"490612","q":"0.00032","m":false},{"v":"1633367759666823169","t":1709448610205,"p":"490612","q":"0.00032","m":false},{"v":"1633367765027143681","t":1709448610844,"p":"490612","q":"0.00032","m":false},{"v":"1633367765715009537","t":1709448610926,"p":"490612","q":"0.00032","m":false},{"v":"1633367782701940736","t":1709448612951,"p":"490612","q":"0.00032","m":false},{"v":"1633367783859568640","t":1709448613089,"p":"490612","q":"0.00032","m":false},{"v":"1633367795326795776","t":1709448614456,"p":"490612","q":"0.00032","m":false},{"v":"1633367796333428738","t":1709448614576,"p":"490612","q":"0.00032","m":false},{"v":"1633367805678338049","t":1709448615690,"p":"490612","q":"0.00032","m":false},{"v":"1633367814234718208","t":1709448616710,"p":"490676","q":"0.00032","m":false},{"v":"1633367817917317120","t":1709448617149,"p":"490743","q":"0.00062","m":false},{"v":"1633367824208773121","t":1709448617899,"p":"490743","q":"0.00062","m":false},{"v":"1633367906979168257","t":1709448627766,"p":"490639","q":"0.00032","m":false},{"v":"1633367909101486082","t":1709448628019,"p":"490639","q":"0.00032","m":false},{"v":"1633367909160206336","t":1709448628026,"p":"490682","q":"0.0161","m":false},{"v":"1633367910980534274","t":1709448628243,"p":"490639","q":"0.00032","m":false},{"v":"1633367916273745921","t":1709448628874,"p":"490639","q":"0.00032","m":false},{"v":"1633367916919668736","t":1709448628951,"p":"490639","q":"0.00032","m":false},{"v":"1633367931247411201","t":1709448630659,"p":"490639","q":"0.00032","m":false},{"v":"1633367931247411202","t":1709448630659,"p":"490639","q":"0.0161","m":false},{"v":"1633367931876556801","t":1709448630734,"p":"490639","q":"0.00032","m":false},{"v":"1633367932849635328","t":1709448630850,"p":"490639","q":"0.0161","m":false},{"v":"1633367936314130432","t":1709448631263,"p":"490639","q":"0.00032","m":false},{"v":"1633367937681473536","t":1709448631426,"p":"490639","q":"0.00032","m":false},{"v":"1633367949006094337","t":1709448632776,"p":"490639","q":"0.00032","m":false},{"v":"1633367949601685505","t":1709448632847,"p":"490639","q":"0.00032","m":false},{"v":"1633367952218931200","t":1709448633159,"p":"490639","q":"0.00032","m":false},{"v":"1633367960305549313","t":1709448634123,"p":"490639","q":"0.00032","m":false},{"v":"1633367961488343040","t":1709448634264,"p":"490639","q":"0.00032","m":false},{"v":"1633367962377535489","t":1709448634370,"p":"490639","q":"0.00032","m":false},{"v":"1633367969071644673","t":1709448635168,"p":"490639","q":"0.00032","m":false},{"v":"1633367970078277633","t":1709448635288,"p":"490639","q":"0.00032","m":false},{"v":"1633367984213082112","t":1709448636973,"p":"490639","q":"0.00032","m":false},{"v":"1633367985479761921","t":1709448637124,"p":"490639","q":"0.00032","m":false},{"v":"1633367994463961089","t":1709448638195,"p":"490639","q":"0.00032","m":false},{"v":"1633367995042775041","t":1709448638264,"p":"490639","q":"0.00032","m":false},{"v":"1633368009890611201","t":1709448640034,"p":"490639","q":"0.00032","m":false},{"v":"1633368010939187200","t":1709448640159,"p":"490639","q":"0.00032","m":false},{"v":"1633368019604619265","t":1709448641192,"p":"490639","q":"0.00032","m":false},{"v":"1633368021022294018","t":1709448641361,"p":"490639","q":"0.00032","m":false},{"v":"1633368037103255553","t":1709448643278,"p":"490639","q":"0.00032","m":false},{"v":"1633368037690458113","t":1709448643348,"p":"490639","q":"0.00032","m":false},{"v":"1633368062235525121","t":1709448646274,"p":"490639","q":"0.00032","m":false},{"v":"1633368063024054272","t":1709448646368,"p":"490639","q":"0.00032","m":false},{"v":"1633368069810438144","t":1709448647177,"p":"490639","q":"0.00032","m":false},{"v":"1633368070917734402","t":1709448647309,"p":"490639","q":"0.00032","m":false},{"v":"1633368077435682817","t":1709448648086,"p":"490639","q":"0.00032","m":false},{"v":"1633368078131937280","t":1709448648169,"p":"490639","q":"0.00032","m":false},{"v":"1633368084968652801","t":1709448648984,"p":"490639","q":"0.00032","m":false},{"v":"1633368085681684481","t":1709448649069,"p":"490639","q":"0.00032","m":false},{"v":"1633368089808879617","t":1709448649561,"p":"490663","q":"0.0161","m":false},{"v":"1633368090136035329","t":1709448649600,"p":"490639","q":"0.00032","m":false},{"v":"1633368095848677377","t":1709448650281,"p":"490639","q":"0.00032","m":false},{"v":"1633368095857065984","t":1709448650282,"p":"490678","q":"0.0161","m":false},{"v":"1633368097232797697","t":1709448650446,"p":"490639","q":"0.00032","m":false},{"v":"1633368100814733312","t":1709448650873,"p":"490639","q":"0.00032","m":false},{"v":"1633368112734945281","t":1709448652294,"p":"490639","q":"0.00032","m":false},{"v":"1633368113355702273","t":1709448652368,"p":"490639","q":"0.00032","m":false},{"v":"1633368136214659073","t":1709448655093,"p":"490639","q":"0.00032","m":false},{"v":"1633368137271623681","t":1709448655219,"p":"490639","q":"0.00032","m":false}],"f":true,"sendTime":1709448657517,"shared":false,"id":"1"}
{"symbol":"BTCHKD","symbolName":"BTCHKD","topic":"trade","params":{"realtimeInterval":"24h","binary":"false"},"data":[{"v":"1633368155516846080","t":1709448657394,"p":"490639","q":"0.00032","m":false},{"v":"1633368156624142336","t":1709448657526,"p":"490639","q":"0.00032","m":false}],"f":false,"sendTime":1709448657685,"shared":false,"id":"1"}
{"symbol":"BTCHKD","symbolName":"BTCHKD","topic":"trade","params":{"realtimeInterval":"24h","binary":"false"},"data":[{"v":"1633368160080248832","t":1709448657938,"p":"490639","q":"0.00032","m":false}],"f":false,"sendTime":1709448657985,"shared":false,"id":"1"}
{"symbol":"BTCHKD","symbolName":"BTCHKD","topic":"trade","params":{"realtimeInterval":"24h","binary":"false"},"data":[{"v":"1633368183165698049","t":1709448660690,"p":"490639","q":"0.00032","m":false},{"v":"1633368184004558849","t":1709448660790,"p":"490639","q":"0.00032","m":false},{"v":"1633368185548062721","t":1709448660974,"p":"490639","q":"0.00032","m":false}],"f":false,"sendTime":1709448660986,"shared":false,"id":"1"}
{"symbol":"BTCHKD","symbolName":"BTCHKD","topic":"trade","params":{"realtimeInterval":"24h","binary":"false"},"data":[{"v":"1633368205915602945","t":1709448663402,"p":"490639","q":"0.00032","m":false},{"v":"1633368206754463745","t":1709448663502,"p":"490639","q":"0.00032","m":false}],"f":false,"sendTime":1709448663686,"shared":false,"id":"1"}
{"symbol":"BTCHKD","symbolName":"BTCHKD","topic":"trade","params":{"realtimeInterval":"24h","binary":"false"},"data":[{"v":"1633368215956766721","t":1709448664599,"p":"490639","q":"0.00032","m":false},{"v":"1633368216661409792","t":1709448664683,"p":"490639","q":"0.00032","m":false}],"f":false,"sendTime":1709448664887,"shared":false,"id":"1"}
{"symbol":"BTCHKD","symbolName":"BTCHKD","topic":"trade","params":{"realtimeInterval":"24h","binary":"false"},"data":[{"v":"1633368236131368961","t":1709448667004,"p":"490639","q":"0.00032","m":false},{"v":"1633368236844400641","t":1709448667089,"p":"490639","q":"0.00032","m":false},{"v":"1633368238253686785","t":1709448667257,"p":"490639","q":"0.00032","m":false}],"f":false,"sendTime":1709448667287,"shared":false,"id":"1"}
{"pong":1709448667515}
{"symbol":"BTCUSD","symbolName":"BTCUSD","topic":"trade","params":{"realtimeInterval":"24h","binary":"false"},"data":[{"v":"1633368243454623745","t":1709448667877,"p":"62030.32","q":"0.0043","m":false}],"f":false,"sendTime":1709448667890,"shared":false,"id":"1"}
{"symbol":"BTCHKD","symbolName":"BTCHKD","topic":"trade","params":{"realtimeInterval":"24h","binary":"false"},"data":[{"v":"1633368263780220929","t":1709448670300,"p":"490639","q":"0.00032","m":false},{"v":"1633368264744910848","t":1709448670415,"p":"490639","q":"0.00032","m":false}],"f":false,"sendTime":1709448670588,"shared":false,"id":"1"}
{"symbol":"BTCHKD","symbolName":"BTCHKD","topic":"trade","params":{"realtimeInterval":"24h","binary":"false"},"data":[{"v":"1633368271388688385","t":1709448671207,"p":"490639","q":"0.00032","m":false},{"v":"1633368272294658050","t":1709448671315,"p":"490639","q":"0.00032","m":false}],"f":false,"sendTime":1709448671488,"shared":false,"id":"1"}
